recorded_at,tx_hash,asset_id,market,outcome,side,size,price
2025-12-25T10:17:22.721576+00:00,0x6969ae9f71a9ec9122b28643fb6b74c126c391695216b93353d22defda3df37a,2443314185827161071236430348605151521909490189447679187915865970167840378583,,Down,buy,16,0.49
2025-12-25T10:17:22.721688+00:00,0x41a94f1fc1713dc3a2f5de3dbe5730f7bc12076e123218152a1c6d59340a9c1d,2443314185827161071236430348605151521909490189447679187915865970167840378583,,Down,buy,16,0.49
2025-12-25T10:17:22.721746+00:00,0x2c2ccfd29ac7f57ace2af176fcc7d191251946c0ee74613b0256d9a7a9e3851a,2443314185827161071236430348605151521909490189447679187915865970167840378583,,Down,buy,16,0.49
2025-12-25T10:17:22.721788+00:00,0xc667658919bb1a609ea6f5c368d572ee13bca467521cb8302b7f3b28472fc418,2443314185827161071236430348605151521909490189447679187915865970167840378583,,Down,buy,16,0.49
2025-12-25T10:17:22.721851+00:00,0x5b1e605d343fcbb7f37b0104b78888863c7bd994d07baef01cc125ae0fe1bab1,2443314185827161071236430348605151521909490189447679187915865970167840378583,,Down,buy,16,0.49
2025-12-25T10:17:22.721897+00:00,0x09f8ca8c5e9c2c028a15c09142ada0f36d400b1404884bed2e8bf4681264c7bf,2443314185827161071236430348605151521909490189447679187915865970167840378583,,Down,buy,4.92,0.49
2025-12-25T10:17:22.721938+00:00,0x5562070afebd258b87b2f55f2f08d17e66474c48c3dde568947cf1d7176404a0,2443314185827161071236430348605151521909490189447679187915865970167840378583,,Down,buy,16,0.49
2025-12-25T10:17:22.721982+00:00,0x07a35b41ed1fd44131d10a16251118c837603a42a3dd4bd2dd2c4625f0566baa,2443314185827161071236430348605151521909490189447679187915865970167840378583,,Down,buy,16,0.49
2025-12-25T10:17:22.722027+00:00,0x143f7c83880a10be18b4f2e99ff083babd78808213627860e516a843934ac8a7,37318403920966930755756514819536008581249547774582151117796142037966560371360,,Up,buy,28,0.53
2025-12-25T10:17:22.722067+00:00,0xdd34bae4d75fcc57afed7754a658483c11c0a4f11ef23c95312ee635507c594a,37556160299449797190479746140843594365118594708738586200112360498126213376320,,Up,buy,16,0.52
2025-12-25T10:17:22.722105+00:00,0x75540d921931f8fa55ca672f6d156185ddd847fec088512d7825722eac0e9159,37556160299449797190479746140843594365118594708738586200112360498126213376320,,Up,buy,16,0.52
2025-12-25T10:17:22.722141+00:00,0xd23289b3ba9f9d8395fd2de46ed619a6fa9df82e2c979073dfa04ee9256161c6,37318403920966930755756514819536008581249547774582151117796142037966560371360,,Up,buy,28,0.53
2025-12-25T10:17:22.722177+00:00,0xe8f9d0c74adec78aa1f0797c22cca1bd27de7250db105e485123b34de4997485,37318403920966930755756514819536008581249547774582151117796142037966560371360,,Up,buy,28,0.53
2025-12-25T10:17:22.722212+00:00,0x0b083fd6fea1c6bbb0b2d8d292e995bf4e4e8be132a12dc4be7cae510db36a61,37318403920966930755756514819536008581249547774582151117796142037966560371360,,Up,buy,28,0.57
2025-12-25T10:17:22.722247+00:00,0xf348badd8f96c77370983d89c4830b03e3c854732709b03c162c4a0f44a6e197,105107536428124088431201031494034807779329860905945908480241301426120639605040,,Up,buy,15,0.21
2025-12-25T10:17:22.722283+00:00,0x7bfdb77e5336ebb24f0024097fa56d947ceb36c3be0e28e8c085034e8d9b05b4,37556160299449797190479746140843594365118594708738586200112360498126213376320,,Up,buy,16,0.46
2025-12-25T10:17:22.722318+00:00,0x368380641bd5cf29b815e81b8c8c0a9952cdfdf6332dbd4a900ce4a4ca85cac9,37556160299449797190479746140843594365118594708738586200112360498126213376320,,Up,buy,16,0.46
2025-12-25T10:17:22.722352+00:00,0xe6ca540df0018d0eddba1726aa2ad52169a08374eab12a23a9d038b111223d8a,37556160299449797190479746140843594365118594708738586200112360498126213376320,,Up,buy,16,0.46
2025-12-25T10:17:22.722387+00:00,0x509a4fe8b5b4e587545290614ba3926cd9c186d8f11738683ccbe4b701895921,37318403920966930755756514819536008581249547774582151117796142037966560371360,,Up,buy,3.13,0.57
2025-12-25T10:17:22.722423+00:00,0xedb3c889e93419f08c7bc7e3b6f0956225efd2a2ad8a5f2e71dab88db73e3145,37318403920966930755756514819536008581249547774582151117796142037966560371360,,Up,buy,28,0.55
2025-12-25T10:17:22.722458+00:00,0x0814e16f92d643823f0c6b84743dffd1c97aa55e121db0b2a41a69d60ce1ce1e,37556160299449797190479746140843594365118594708738586200112360498126213376320,,Up,buy,16,0.46
2025-12-25T10:17:22.722499+00:00,0x108708b6b6a9f7cd93b627426ad1e2ac52ad6063fa69dc0705614af873b4e675,37556160299449797190479746140843594365118594708738586200112360498126213376320,,Up,buy,16,0.46
2025-12-25T10:17:22.722537+00:00,0x946e1d32a5a7d2b065ae926c6f574c94f41c68aa61888080c75ce1edca9cbc60,37556160299449797190479746140843594365118594708738586200112360498126213376320,,Up,buy,16,0.46
2025-12-25T10:17:22.722573+00:00,0x1bb61c37bf7d39a5dcd4d527ac0d3cf0d9619626fcb8c206c5580937764b9ce2,37318403920966930755756514819536008581249547774582151117796142037966560371360,,Up,buy,28,0.55
2025-12-25T10:17:22.722607+00:00,0x5371be292ef63ea6eefa63826291bb9440f5c805460ecde175300f0377a9b3ee,37556160299449797190479746140843594365118594708738586200112360498126213376320,,Up,buy,16,0.46
2025-12-25T10:17:22.722643+00:00,0x3af5b42dd727f4b06eb81ccd191704b1cc01d991bccdff035a8252049ec626e2,37318403920966930755756514819536008581249547774582151117796142037966560371360,,Up,buy,28,0.53
2025-12-25T10:17:22.722678+00:00,0x533fa2b21858325745892b00d6f16f1f958be3aa7ff4d13b31fa031dd2447fd1,37556160299449797190479746140843594365118594708738586200112360498126213376320,,Up,buy,16,0.46
2025-12-25T10:17:22.722712+00:00,0xbb60759cf63ba31ab4b6214f059c923ef3ea5881c5de7db3e4f0013061e78b88,2443314185827161071236430348605151521909490189447679187915865970167840378583,,Down,buy,16,0.54
2025-12-25T10:17:22.722746+00:00,0xe39371848bde8a3fb71b46281ed8ccad8c7fc8300b61ea670319dbd6e47517f6,2443314185827161071236430348605151521909490189447679187915865970167840378583,,Down,buy,16,0.55
2025-12-25T10:17:22.722780+00:00,0x724d81054ed06401fbf6e3ab4059f1fcf667c10209699c9060785f6d52103212,58832710481546563506323626681641732775186485071838633734926743677444610757653,,Down,buy,28,0.4
2025-12-25T10:17:22.722815+00:00,0x6f00de078382da61f2c7cfc5995b9adbe200912f5ac6793433d7fac8bb1c4067,105107536428124088431201031494034807779329860905945908480241301426120639605040,,Up,buy,22,0.21
2025-12-25T10:17:22.722849+00:00,0x131106b3964c0f2a31bb097636f90b48e1e3dddc50c5266ad0723e85cb59ee16,58832710481546563506323626681641732775186485071838633734926743677444610757653,,Down,buy,28,0.41
2025-12-25T10:17:22.722883+00:00,0xd76c1400a713c45f3a7c259aa7c184e643fd50bdd62a2bdbfd7cf31de57ade9f,2443314185827161071236430348605151521909490189447679187915865970167840378583,,Down,buy,16,0.54
2025-12-25T10:17:22.722917+00:00,0x88f976c05274fb24086b4eda8b3a6bb3feb83ab0f9c60c32a4ceb5ed1455d35a,2443314185827161071236430348605151521909490189447679187915865970167840378583,,Down,buy,16,0.54
2025-12-25T10:17:22.722953+00:00,0x8b8acc2ce1253f3c838e0233ce688094f7a5dad42a94bc55f0b0a7aa3a403292,105107536428124088431201031494034807779329860905945908480241301426120639605040,,Up,buy,22,0.21
2025-12-25T10:17:22.722988+00:00,0xfdc714ead07832268a728f6f1e22af4fa6f7b291170ae7d6fca8bf3db01d2564,58832710481546563506323626681641732775186485071838633734926743677444610757653,,Down,buy,28,0.39
2025-12-25T10:17:22.723023+00:00,0xeda1f868e67ca7eed66130d2b05cbe6e1ad0dfe61ae8eb2d76008e1f60b196dd,105107536428124088431201031494034807779329860905945908480241301426120639605040,,Up,buy,17,0.21
2025-12-25T10:17:22.723057+00:00,0xd328da2c50b8084265aad7940e92f5e4a6f2dcc57821ccb04d4dedd4379fe316,2443314185827161071236430348605151521909490189447679187915865970167840378583,,Down,buy,16,0.545625
2025-12-25T10:17:22.723091+00:00,0xd296cf50e66e83951b693a9c7000c3d29393c430fe116f36958bfee2afc8596b,105107536428124088431201031494034807779329860905945908480241301426120639605040,,Up,buy,22,0.21
2025-12-25T10:17:22.723125+00:00,0x80243e1e8fae1708f4773f825bcd6274ed4f20131ccd83e7c46337ac136ec3b0,37318403920966930755756514819536008581249547774582151117796142037966560371360,,Up,buy,20,0.54
2025-12-25T10:17:22.723159+00:00,0xd9726c0b109e4c7c207434704ff1ac495892b7708c92692a820faf54a184a679,37318403920966930755756514819536008581249547774582151117796142037966560371360,,Up,buy,19.05,0.52
2025-12-25T10:17:22.723194+00:00,0x9ae48bb089dd5e860f433a370e79a86bac17924f6c59e110e0cb025d47752d52,37318403920966930755756514819536008581249547774582151117796142037966560371360,,Up,buy,28,0.52
2025-12-25T10:17:22.723232+00:00,0x4b8244699930f8c89c63b351d97578eee7f7c0861623bcf4fe1cf585625ae918,37318403920966930755756514819536008581249547774582151117796142037966560371360,,Up,buy,28,0.52
2025-12-25T10:17:22.723267+00:00,0x78f51143c2acaa77d71a564eb47326bfdf204333f1a5a7387e438c7200d5f6e2,37318403920966930755756514819536008581249547774582151117796142037966560371360,,Up,buy,4.48,0.48
2025-12-25T10:17:22.723303+00:00,0xa2b6a1588257f675ef5ae42e1c64f076a72b43ea7729af8cf146579bb845eb88,37318403920966930755756514819536008581249547774582151117796142037966560371360,,Up,buy,28,0.47
2025-12-25T10:17:22.723337+00:00,0x6487ac6c27a73db4a1d3a9a749b5d7d445f29a24b852ecb9dfd55eda643aebd5,37318403920966930755756514819536008581249547774582151117796142037966560371360,,Up,buy,28,0.48
2025-12-25T10:17:22.723372+00:00,0xd42e60c23ca862866c7439152b1dbac4d481fdfd6cbf75bfdd98329fd016abad,37318403920966930755756514819536008581249547774582151117796142037966560371360,,Up,buy,23.82,0.48
2025-12-25T10:17:22.723408+00:00,0xa9ed3473887facd59f039faf2e6864bb79ee2c786ca00db7accdcde17c6c5ce3,58832710481546563506323626681641732775186485071838633734926743677444610757653,,Down,buy,28,0.51
2025-12-25T10:17:22.723443+00:00,0x1fab668ede587f120138aa80666fe73b6412a16845f35829c09264f16b8cdf0e,37556160299449797190479746140843594365118594708738586200112360498126213376320,,Up,buy,10,0.46
2025-12-25T10:17:22.723479+00:00,0x4797e9f7efcac6da1f024408962f1de2a5ed2cb9fcefac3038af321add40dfb5,37556160299449797190479746140843594365118594708738586200112360498126213376320,,Up,buy,16,0.46
2025-12-25T10:17:22.723514+00:00,0xf76d02b019949393d8c7ef55cbbec27557c41524fd493bfe734eb68e3599fc40,58832710481546563506323626681641732775186485071838633734926743677444610757653,,Down,buy,28,0.51
2025-12-25T10:17:22.723550+00:00,0x67a15f4a818c260c87f38c8528e3c9ec9c2dd176079578e5d584ed546bf57a7a,37556160299449797190479746140843594365118594708738586200112360498126213376320,,Up,buy,16,0.46
2025-12-25T10:17:22.723584+00:00,0xa33a92a513202ef9ec2af9b66dad20e97e4274e10d26e4256e3d0a503f03a3d2,37318403920966930755756514819536008581249547774582151117796142037966560371360,,Up,buy,28,0.38
2025-12-25T10:17:22.723619+00:00,0xb2377ea40f3e8678164df94ef5cd7bc216620c34d96bdfb07fcc75144e246f02,37556160299449797190479746140843594365118594708738586200112360498126213376320,,Up,buy,11.41,0.39
2025-12-25T10:17:22.723654+00:00,0x59dc08dd30c6caeb03fcd93486a5e4e159c865081bec7786fc165e77f062ba02,106198240992658653339635073923554723013786850011500336859173556605263086511424,,Down,buy,15.2,0.82
2025-12-25T10:17:22.723691+00:00,0xb9ed51a42aea27e11d8be2e38fb6e96154198f2d895f16c07ae8920471743d3a,58832710481546563506323626681641732775186485071838633734926743677444610757653,,Down,buy,28,0.4912214285714286
2025-12-25T10:17:22.723727+00:00,0x3c28782656872d38b5169dccb72b25a4833bf56aa830707300601236e1381b54,58832710481546563506323626681641732775186485071838633734926743677444610757653,,Down,buy,6,0.53
2025-12-25T10:17:22.723763+00:00,0x59038c86dfaa88379fe074b3a027ef80b975cb74b4b765dd57483de75e84fa1a,91272322704237856545228168302916473806921203936950878059023308769744801091733,,Up,buy,5.4,0.12
2025-12-25T10:17:22.723798+00:00,0x1317281404cb919b39291bde5e8b4938a2280dba953cbe6e915f4163e39d1c5a,24393007901046293394370787579385740097177000061476340045121210304631396582654,,Down,buy,14,0.89
2025-12-25T10:17:22.723834+00:00,0xfe44cd983497ea18a84f3f1312b0e693c706722ddc743a513d20df669e515db3,24393007901046293394370787579385740097177000061476340045121210304631396582654,,Down,buy,14,0.85
2025-12-25T10:17:22.723869+00:00,0x8eadfb64185411ffd095ed2bfd6f00441db4b6b09549b10229538491e41f19d5,106198240992658653339635073923554723013786850011500336859173556605263086511424,,Down,buy,22,0.77
2025-12-25T10:17:22.723904+00:00,0x8ef6954d4f335df0a3f1c764d8490a536120500dd6d255452971a3262686721a,24393007901046293394370787579385740097177000061476340045121210304631396582654,,Down,buy,14,0.84
2025-12-25T10:17:22.723939+00:00,0x771eb54c44f6a1bb0cc3ca072882856d847080f1d133ca9d066b18b6542a613d,105107536428124088431201031494034807779329860905945908480241301426120639605040,,Up,buy,10,0.23
2025-12-25T10:17:22.723976+00:00,0x5782543b2424f49aa07208df9be2189190df666e8cebed4398ee73125216d68b,91272322704237856545228168302916473806921203936950878059023308769744801091733,,Up,buy,14,0.17
2025-12-25T10:17:22.724011+00:00,0x821552821b13fe8de41e82f0543ef3cc52695368c8447f7f66c7185740f9cbbf,91272322704237856545228168302916473806921203936950878059023308769744801091733,,Up,buy,14,0.15
2025-12-25T10:17:22.724046+00:00,0x4d803dcb68b3f88eab71d5c625bfc0548a12ad72c96841e0ce8b62a3821480e9,24393007901046293394370787579385740097177000061476340045121210304631396582654,,Down,buy,9.2,0.81
2025-12-25T10:17:22.724081+00:00,0xdcb3b270387acd850b415bb483f17ea22c63a2dbcf6c1bdd8778fae21b991990,24393007901046293394370787579385740097177000061476340045121210304631396582654,,Down,buy,1,0.79
2025-12-25T10:17:22.724116+00:00,0xf667c973e936ffe8533fe58ece70690989ac85d3607e90840375bf3e7153b03d,24393007901046293394370787579385740097177000061476340045121210304631396582654,,Down,buy,14,0.79
2025-12-25T10:17:22.724151+00:00,0x3f6de9bbfd7cb1a7b37997d57726020e88a7995f0ef01ecad7797f2224a0d15a,91272322704237856545228168302916473806921203936950878059023308769744801091733,,Up,buy,14,0.26
2025-12-25T10:17:22.724185+00:00,0x8f6fbf734d1f8a7a738049e36ffe1ded0de4e91d2ccc780a1d7f3c87ca9e5179,91272322704237856545228168302916473806921203936950878059023308769744801091733,,Up,buy,14,0.25
2025-12-25T10:17:22.724220+00:00,0x94f4873c07e58f4b5d8e74ca87cc641f5f175c25ace6e67a83201670ae6b5b04,91272322704237856545228168302916473806921203936950878059023308769744801091733,,Up,buy,1,0.25
2025-12-25T10:17:22.724254+00:00,0xbc453553ae119edd623dc94fb0c757573df910e65e444b79909e083b511dac04,91272322704237856545228168302916473806921203936950878059023308769744801091733,,Up,buy,4.6,0.22
2025-12-25T10:17:22.724289+00:00,0xd7c90dfa8c551620469a6d5f8ff1f8c5eff494819c2248c7aa4fd84316d650a2,91272322704237856545228168302916473806921203936950878059023308769744801091733,,Up,buy,14,0.22
2025-12-25T10:17:22.724324+00:00,0xc5c07cd7abca7d6326fe804ded7e84c13eb388ed13ac8baf3bc3bf3b53164751,105107536428124088431201031494034807779329860905945908480241301426120639605040,,Up,buy,22,0.34
2025-12-25T10:17:22.724359+00:00,0x0f3438a4dbf1984b525fe58b2ea68dea684466992c876976a5b8112078cee44a,105107536428124088431201031494034807779329860905945908480241301426120639605040,,Up,buy,3,0.34
2025-12-25T10:17:22.724502+00:00,0x535d9197f238fed0c0cd11bd8aaff48094da79b2889962fb0cf3d1cc13e68164,105107536428124088431201031494034807779329860905945908480241301426120639605040,,Up,buy,22,0.35
2025-12-25T10:17:22.724556+00:00,0x545f70a9716cf22f20cf8458f6bbd1e39b7418705f17503a269955e8c1d9af42,105107536428124088431201031494034807779329860905945908480241301426120639605040,,Up,buy,3.97,0.33
2025-12-25T10:17:22.724605+00:00,0xafc0127dff73a19b8049be8867d8a84b3d3b5fcc5becb187ea6386d2b4ee714e,24393007901046293394370787579385740097177000061476340045121210304631396582654,,Down,buy,14,0.77
2025-12-25T10:17:22.724645+00:00,0x714e24923cf7e31b8d7e611343c5d3b056eedcf61396b28084e92d25341150f8,24393007901046293394370787579385740097177000061476340045121210304631396582654,,Down,buy,13,0.77
2025-12-25T10:17:22.724685+00:00,0xb584ce54bede036e42f9a38cb8d995ecab3ce8447bd675f39d37ddb06074d23a,106198240992658653339635073923554723013786850011500336859173556605263086511424,,Down,buy,22,0.71
2025-12-25T10:17:22.724724+00:00,0x42a1e92bb8fefc3a3351624a0f2c095df6d7833328c8a4a7c4f52367c993dd95,24393007901046293394370787579385740097177000061476340045121210304631396582654,,Down,buy,14,0.77
2025-12-25T10:17:22.724760+00:00,0x8c6c3b8f009bf1f6dcb2e159e3d63d743a7e165b13f0702c4bc02278f2bc059b,106198240992658653339635073923554723013786850011500336859173556605263086511424,,Down,buy,22,0.71
2025-12-25T10:17:22.724795+00:00,0x2352b10850efea67f5fd4284a9fabde185ccc56b997962c9481729ad4b2a9d2c,24393007901046293394370787579385740097177000061476340045121210304631396582654,,Down,buy,14,0.77
2025-12-25T10:17:22.724829+00:00,0x3543940105cf906c1c4017c987f224711d5154dad9c1ac72bd0e3897410aa7fa,105107536428124088431201031494034807779329860905945908480241301426120639605040,,Up,buy,5,0.29
2025-12-25T10:17:22.724868+00:00,0xaaa14b3337995340c5766639c8b5b3a3baed7dc24742a739dcc95201e230439d,105107536428124088431201031494034807779329860905945908480241301426120639605040,,Up,buy,22,0.23
2025-12-25T10:17:22.724903+00:00,0x516069422ee80747d8d5a7033eda2b390e5c49abf4b6403e5d2177cff8028a41,105107536428124088431201031494034807779329860905945908480241301426120639605040,,Up,buy,5,0.22
2025-12-25T10:17:22.724938+00:00,0xb94815004b74f5118269e0d25bb7d70593a929def84963cbd5bbde93380f0d86,106198240992658653339635073923554723013786850011500336859173556605263086511424,,Down,buy,22,0.82
2025-12-25T10:17:22.724971+00:00,0x4187a4f5b24bbd804d8b37fd1863d62338d43662c56df88a5a981948d07fb513,105107536428124088431201031494034807779329860905945908480241301426120639605040,,Up,buy,22,0.19
2025-12-25T10:17:22.725005+00:00,0x79e81052b2ce77d2b8595c7f1e365774852a9526c153991f90b648e1e7b24ea4,106198240992658653339635073923554723013786850011500336859173556605263086511424,,Down,buy,22,0.81
2025-12-25T10:17:22.725039+00:00,0xf2554ac5f441235046c9addd0cdb05dbeeca8c0d5af48b6e7c144a5b748446ff,106198240992658653339635073923554723013786850011500336859173556605263086511424,,Down,buy,22,0.81
2025-12-25T10:17:22.725073+00:00,0x12fa3d702efcbb585e7f8256e50bec27ca8ce47e330a477b94c6c5111b29486f,24393007901046293394370787579385740097177000061476340045121210304631396582654,,Down,buy,14,0.83
2025-12-25T10:17:22.725107+00:00,0x6ad0731b2e4151b4fb46e10141b3085d6ee9292152b899c18ec8feeadc30eda1,24393007901046293394370787579385740097177000061476340045121210304631396582654,,Down,buy,14,0.83
2025-12-25T10:17:22.725141+00:00,0x9c451d069fb66d05565d67c93c53260db5d4ab587e89a81d4eb3b794b02e45ad,24393007901046293394370787579385740097177000061476340045121210304631396582654,,Down,buy,14,0.83
2025-12-25T10:17:22.725177+00:00,0x48d6f15f4f9a080589b29dc5f9da074e0f24896da5536014ae284efaa70285de,91272322704237856545228168302916473806921203936950878059023308769744801091733,,Up,buy,14,0.14
2025-12-25T10:17:22.725213+00:00,0x918860f2b736bfbaaa1ff753f3ad6dee2a09a9e3e6194751114199f4b7c3c127,91272322704237856545228168302916473806921203936950878059023308769744801091733,,Up,buy,14,0.14
2025-12-25T10:17:22.725247+00:00,0xd8c5f8f434b3513fd0de80ef1ba55a8ccfcb466fe7d68e44cf94b049d2f5c7a0,105107536428124088431201031494034807779329860905945908480241301426120639605040,,Up,buy,9.7,0.23
2025-12-25T10:17:22.725282+00:00,0x036c218ed11ba76c91071397518c063299d6428db81631fee69056dacc112430,91272322704237856545228168302916473806921203936950878059023308769744801091733,,Up,buy,14,0.14
2025-12-25T10:17:22.725316+00:00,0xafc5044e778b3a866480d82bc9b07611c3bb09385ea03dc0a00b45c9236ee73b,24393007901046293394370787579385740097177000061476340045121210304631396582654,,Down,buy,14,0.77
2025-12-25T10:17:22.725350+00:00,0xc0795c6e7d823900134016daf75d4c06718a710ef0c5ad8af79fbf2f975c3364,24393007901046293394370787579385740097177000061476340045121210304631396582654,,Down,buy,14,0.77
2025-12-25T10:17:22.725384+00:00,0x1c687a1349b6c81acefa9e5a5b192f828c67c4ae3c01dca2dc7fd12d0fa66e40,24393007901046293394370787579385740097177000061476340045121210304631396582654,,Down,buy,14,0.77
2025-12-25T10:17:22.725419+00:00,0x6b4cf3475d31721e6346f77dfde806ab58929ebc4fb140f7bafe31b074b13845,91272322704237856545228168302916473806921203936950878059023308769744801091733,,Up,buy,3,0.26
2025-12-25T10:17:22.725453+00:00,0x080d900d5bb80865b9d011d1f5f51a88d5778306b9031b599aec95ec23a7774a,106198240992658653339635073923554723013786850011500336859173556605263086511424,,Down,buy,5,0.67
2025-12-25T10:17:22.725487+00:00,0xf572ff09c93cbf1d8f931bf0ddfd9f635e60b3a4df75787204a4e4928525bd89,24393007901046293394370787579385740097177000061476340045121210304631396582654,,Down,buy,14,0.7
2025-12-25T10:17:22.725523+00:00,0x0d6cee0efc84c898ce86859b6d755f04a14f1e8f941164a2b907a0e609c6d7a4,24393007901046293394370787579385740097177000061476340045121210304631396582654,,Down,buy,14,0.7
2025-12-25T10:17:22.725559+00:00,0x701fef9ba1c87874941162075e00d9b8ab4671e7ab6409aa087caeea1ed795f5,2372748280261617111400506010457593125841238180630861816467783231552212956733,,Down,buy,15,0.9583666666666667
2025-12-25T10:17:22.725597+00:00,0x899c5e08c32a516f412cfbf024cc3a37b22e55fc10dfeb3de247773f76634452,41409993705208499602320215929844352141350055237806376816205453507989005966963,,Up,buy,15,0.12
2025-12-25T10:17:22.725632+00:00,0x59911e0d77401908a379517a3d1358483aff887b865b70e9a6ed28163a9a0d81,2372748280261617111400506010457593125841238180630861816467783231552212956733,,Down,buy,15,0.95
2025-12-25T10:17:22.725666+00:00,0x685ede8230f27e5123848436546eb8a8bfbf40eb712e242d8fae036217d46238,41409993705208499602320215929844352141350055237806376816205453507989005966963,,Up,buy,15,0.12
2025-12-25T10:17:22.725700+00:00,0xa5237edead2a45660f5313f871c3250893aaad8a782be8370fed98de17c90e3f,24393007901046293394370787579385740097177000061476340045121210304631396582654,,Down,buy,14,0.7
2025-12-25T10:17:22.725735+00:00,0x7d067100957b90de5604042c4c1f8b0a5660e56240d0d1035a0caaf2fa19d6c0,24393007901046293394370787579385740097177000061476340045121210304631396582654,,Down,buy,14,0.7
2025-12-25T10:17:22.725769+00:00,0x4aab947f2ceb9de2026e322935838a3ab9d5df1bbafbfc203d5525b1f85ecfd9,24393007901046293394370787579385740097177000061476340045121210304631396582654,,Down,buy,14,0.7
2025-12-25T10:17:22.725803+00:00,0x2842266f41b54648a1ea62f39181ca18c54c51d0e4b04799dfe101381aa97bea,2372748280261617111400506010457593125841238180630861816467783231552212956733,,Down,buy,15,0.96
2025-12-25T10:17:22.725868+00:00,0xe6938db4f22c1afede55dc15000c24e43e5a9c44265c8b1a404a03f58c3cd48c,24393007901046293394370787579385740097177000061476340045121210304631396582654,,Down,buy,14,0.6928571428571428
2025-12-25T10:17:22.725909+00:00,0x52ef45a045e6fc03dfe382ac826a2a0bc3db8ea4df9141cfba6e1bf48382ca5b,24393007901046293394370787579385740097177000061476340045121210304631396582654,,Down,buy,10,0.685
2025-12-25T10:17:22.725946+00:00,0x5d22d0ef7b1dc04c1423fd3024f5dd6bd0f9e61573222f0e531d90c99bb7afd5,72929581510400283062049936073840878942298491246753007948589126112463750092542,,Up,buy,4.84,0.08
2025-12-25T10:17:22.725982+00:00,0x7935c3256a336e598d5de2c8898d9394fa74139bf4e78dd722bd660c34373b64,72929581510400283062049936073840878942298491246753007948589126112463750092542,,Up,buy,27,0.08
2025-12-25T10:17:22.726017+00:00,0x2e970d97baa96a75361d83d36e2089ae13c412b480582043d12bd2914a9f9d37,105107536428124088431201031494034807779329860905945908480241301426120639605040,,Up,buy,5,0.33
2025-12-25T10:17:22.726053+00:00,0xf3e39ef9997583b6b9995be4b27c499bf0c52b773461a1ef37fffed1eb101efd,91272322704237856545228168302916473806921203936950878059023308769744801091733,,Up,buy,14,0.32
2025-12-25T10:17:22.726089+00:00,0x8baf7864b3f161868afc7a69cf5f0580e6d1e9bdcf05b3dde206e9343fe0579f,91272322704237856545228168302916473806921203936950878059023308769744801091733,,Up,buy,14,0.32
2025-12-25T10:17:22.726123+00:00,0xceb0df3673ce6e5b32a959193941997945da69af234c22e364bcebbd5cce0a63,91272322704237856545228168302916473806921203936950878059023308769744801091733,,Up,buy,14,0.32
2025-12-25T10:17:22.726157+00:00,0xf082dfa12c39eb547f8f75f6f5f9f801f4009c67e6edd4211408dffa47c8704c,91272322704237856545228168302916473806921203936950878059023308769744801091733,,Up,buy,14,0.32
2025-12-25T10:17:22.726192+00:00,0x839f7f342711ba22e3e51ab96b57c433edbbec77ffdd5b5a57d71d14c428c8c6,41409993705208499602320215929844352141350055237806376816205453507989005966963,,Up,buy,16,0.08
2025-12-25T10:17:22.726227+00:00,0x706b76d57407ca711f086929dbaeba47a318aa035bb3cff99bca57a51bddd8da,91272322704237856545228168302916473806921203936950878059023308769744801091733,,Up,buy,14,0.32
2025-12-25T10:17:22.726262+00:00,0x7a5f5b44a8dcdbab74e7e44b37501c58be3f37cff0cde2ce4239b172b8419ab4,91272322704237856545228168302916473806921203936950878059023308769744801091733,,Up,buy,14,0.32
2025-12-25T10:17:22.726297+00:00,0x5e4d2c6afe0b72b690ab7b6ca0c3c7aaa85be2343fb46c511d0e795f45c6d7ca,91272322704237856545228168302916473806921203936950878059023308769744801091733,,Up,buy,14,0.32
2025-12-25T10:17:22.726334+00:00,0xea48fe8067b564d768b14ff4a8467488ca8fcacce51eb3881ef5eca7bead5eb2,105107536428124088431201031494034807779329860905945908480241301426120639605040,,Up,buy,22,0.33
2025-12-25T10:17:22.726368+00:00,0xdd2242ba9956bac4c3063115eb40889107cedca4b87e36fcb4e8ce28b60ddbd4,2372748280261617111400506010457593125841238180630861816467783231552212956733,,Down,buy,5,0.84
2025-12-25T10:17:22.726404+00:00,0xbf67ae54385215fe6534a4ca572e6c445e288ae4f5f742a896c366af102b7d9e,24393007901046293394370787579385740097177000061476340045121210304631396582654,,Down,buy,5,0.65
2025-12-25T10:17:22.726440+00:00,0x82b54585f94124c9ffe9868957e583f4f728abe957f80d7de22a50e0dca95bca,24393007901046293394370787579385740097177000061476340045121210304631396582654,,Down,buy,5,0.63
2025-12-25T10:17:22.726474+00:00,0x32b3281c0830d1b9bf16595d20f38301092567f5a3fa43ddb5eb494590534a9b,105107536428124088431201031494034807779329860905945908480241301426120639605040,,Up,buy,22,0.35
2025-12-25T10:17:22.726509+00:00,0xb5272d90791c5d9d94800e6f4d1d261a6288239ecfa9c4cddcd84f6609a16346,41409993705208499602320215929844352141350055237806376816205453507989005966963,,Up,buy,16,0.14
2025-12-25T10:17:22.726543+00:00,0x2cf26ca5e13b90a2b8436d88ed7276116111b972a2fdb5862447649fbae8c574,41409993705208499602320215929844352141350055237806376816205453507989005966963,,Up,buy,16,0.14
2025-12-25T10:17:22.726577+00:00,0x3b5a77085da26cfc41de01229b99ce1db5c60bfea0530facdf4a275fc358dbbd,41409993705208499602320215929844352141350055237806376816205453507989005966963,,Up,buy,16,0.14
2025-12-25T10:17:22.726611+00:00,0x38976a26b7edb4eafe510c4b845b221f32b3209fb6bae8000e4945a9a8a903be,41409993705208499602320215929844352141350055237806376816205453507989005966963,,Up,buy,16,0.14
2025-12-25T10:17:22.726644+00:00,0x5b1f59dbceaf27ff64f37c46062a9647eec98525d20cc673c9c20b2d027876c7,41409993705208499602320215929844352141350055237806376816205453507989005966963,,Up,buy,16,0.14
2025-12-25T10:17:22.726678+00:00,0x8eba38da4f2bc821301612248bc451eba03bf985dd46c422477d54d6e99acca6,91272322704237856545228168302916473806921203936950878059023308769744801091733,,Up,buy,12,0.37
2025-12-25T10:17:22.726713+00:00,0x404edaad01f52bfc4d233976d592ff42ecc09c40d3d9ab5ed2935be541c34737,41409993705208499602320215929844352141350055237806376816205453507989005966963,,Up,buy,16,0.14
2025-12-25T10:17:22.726747+00:00,0xb3812660a73a44d4f2c4de3ffcbe00f31075ad88809e73d5633c512dcb80a78c,2372748280261617111400506010457593125841238180630861816467783231552212956733,,Down,buy,16,0.88
2025-12-25T10:17:22.726781+00:00,0xbdb9e107ebab54fbe0c00e35f111ef9034441af85d29ce051ddbb5dbae39e35f,91272322704237856545228168302916473806921203936950878059023308769744801091733,,Up,buy,14,0.38
2025-12-25T10:17:22.726815+00:00,0x08cc4876d2c705825d5fba0095ba6bedb507b059ecfa30ca9c3c8c133a89c181,106198240992658653339635073923554723013786850011500336859173556605263086511424,,Down,buy,22,0.66
2025-12-25T10:17:22.726849+00:00,0xbc8349130af16b6d4958a624d75f46a2338f6f333afa53a62e721135c06dbca6,106198240992658653339635073923554723013786850011500336859173556605263086511424,,Down,buy,18,0.63
2025-12-25T10:17:22.726883+00:00,0xca9428e7c955e96c337cce6fd72a527295c952a5652db7e305364a5e61a70a3f,6552532747611451620895806272227091947790203429934156117594171123339473590719,,Down,buy,22.71,0.88
2025-12-25T10:17:22.726919+00:00,0x58833ff344d13e1ca987a15162bbf525366e461a8ca99e9a198ebdaa9f1bafec,6552532747611451620895806272227091947790203429934156117594171123339473590719,,Down,buy,28,0.85
2025-12-25T10:17:22.726955+00:00,0x5e62c357d1b4fe15eef2f81583cb72c2bffa3edbde055e653a305161f1acd4df,6552532747611451620895806272227091947790203429934156117594171123339473590719,,Down,buy,28,0.8543857142857143
2025-12-25T10:17:22.726993+00:00,0x1e3bf3850c4f7b1055f9d5f58a0b3ab794a40ea0bc81f3c8534185c71e6566d4,6552532747611451620895806272227091947790203429934156117594171123339473590719,,Down,buy,28,0.84
2025-12-25T10:17:22.727029+00:00,0x94ce91d6d267ba3d0292cb20ed3a1f349d56476a1f0ce7e967582e92dc63fb41,6552532747611451620895806272227091947790203429934156117594171123339473590719,,Down,buy,24.08,0.84
2025-12-25T10:17:22.727067+00:00,0xdb21618563968ec422d9d087bbcc829af44a59671bd42192e68aa7f6226c075f,106198240992658653339635073923554723013786850011500336859173556605263086511424,,Down,buy,22,0.63
2025-12-25T10:17:22.727103+00:00,0x11b927119a4a9edfc59ad032812ce5bee313f023cb3789401a848135421df2fe,106198240992658653339635073923554723013786850011500336859173556605263086511424,,Down,buy,22,0.65
2025-12-25T10:17:22.727139+00:00,0xe47207cf103c04d02206c44699a709cb869d58612e182f40ae39538290c8cf41,6552532747611451620895806272227091947790203429934156117594171123339473590719,,Down,buy,28,0.84
2025-12-25T10:17:22.727174+00:00,0xd077a3170bf57598e3de126a8e00c259fe27728e563d9ec21a1d2fc4e23bde9f,106198240992658653339635073923554723013786850011500336859173556605263086511424,,Down,buy,22,0.65
2025-12-25T10:17:22.727209+00:00,0x2106ea7a31afd9c0885d7d47955e5930d26e4d56d96a9edcca92186cddfb25e4,72929581510400283062049936073840878942298491246753007948589126112463750092542,,Up,buy,28,0.17
2025-12-25T10:17:22.727244+00:00,0x18a63c1917085064ffa7bbbea78a907b449f05d4bf41b1761d562e5a4987eb13,72929581510400283062049936073840878942298491246753007948589126112463750092542,,Up,buy,28,0.17
2025-12-25T10:17:22.727280+00:00,0x2fa34b401ec28dc2b04dacf82ed03256838cb6c9ca14e73884939873f7070a37,41409993705208499602320215929844352141350055237806376816205453507989005966963,,Up,buy,14.4,0.27
2025-12-25T10:17:22.727315+00:00,0x37a0d2a50600c58e42e55b5c5fddc939fe62be2a84154f109f5e0d5f2ff3b401,41409993705208499602320215929844352141350055237806376816205453507989005966963,,Up,buy,16,0.27
2025-12-25T10:17:22.727349+00:00,0x79aacf67d7427ad68ea067ff58dbedc755a9187c6c980cac45e062cc2abf4733,41409993705208499602320215929844352141350055237806376816205453507989005966963,,Up,buy,16,0.27
2025-12-25T10:17:22.727383+00:00,0xbf305684362743d45cb65c366e735fc14428ebf87e82f87e82d9f10964f64457,41409993705208499602320215929844352141350055237806376816205453507989005966963,,Up,buy,16,0.17
2025-12-25T10:17:22.727417+00:00,0xd4336e58a7fb4c340db7715e5794dbe447be6fa80e74a79c72961423e44a0b2a,41409993705208499602320215929844352141350055237806376816205453507989005966963,,Up,buy,16,0.17
2025-12-25T10:17:22.727450+00:00,0xe30b8a4ca29bf2537ec6dbdb0d02ee4e1ef6a64544147fdfe22e520154d98418,6552532747611451620895806272227091947790203429934156117594171123339473590719,,Down,buy,28,0.83
2025-12-25T10:17:22.727484+00:00,0x94c12c7409a500f2de303b88ea04d3fd4d7a115e8f7ed3f2d7597b62cfb0e4f0,41409993705208499602320215929844352141350055237806376816205453507989005966963,,Up,buy,16,0.17
2025-12-25T10:17:22.727518+00:00,0x3e5f0a2ed93a8e74cef7089b983b4728a397984e2dc259df6c2fba523ccc90f2,2372748280261617111400506010457593125841238180630861816467783231552212956733,,Down,buy,16,0.85
2025-12-25T10:17:22.727552+00:00,0x100e3120a33df8b2c0272bfa44b010dc71271448dce6cb46e42f7a902d255c48,24393007901046293394370787579385740097177000061476340045121210304631396582654,,Down,buy,14,0.63
2025-12-25T10:17:22.727587+00:00,0xbcd0998a70c5193878a28c1d056d2efb38da205af48f4a918867c0cdcf78ab59,6552532747611451620895806272227091947790203429934156117594171123339473590719,,Down,buy,15.38,0.82
2025-12-25T10:17:22.727622+00:00,0x64ba27f3b6777f063dff467fad354fc8dc09c9696a6e288c704989492e556072,2372748280261617111400506010457593125841238180630861816467783231552212956733,,Down,buy,16,0.85
2025-12-25T10:17:22.727657+00:00,0x0be05c9ea898335fa3891a0597ddb056238bb2d624832408a6d59681825392af,2372748280261617111400506010457593125841238180630861816467783231552212956733,,Down,buy,1.69,0.85
2025-12-25T10:17:22.727692+00:00,0xe2d13120e8c73d949be8076c8aa28d7a4e4bcfcfe1e284d374fd47bd289e2092,72929581510400283062049936073840878942298491246753007948589126112463750092542,,Up,buy,10.99,0.18
2025-12-25T10:17:22.727727+00:00,0x4b4eb49d8ea85bbeefff878676e61ae82976ad57a2e66d6e768c8edd3212021e,41409993705208499602320215929844352141350055237806376816205453507989005966963,,Up,buy,16,0.14
2025-12-25T10:17:22.727762+00:00,0x885283f968a95fb6608d8e13b973aceb034d5c058e1c46c0b320f2e4ec2fe725,91272322704237856545228168302916473806921203936950878059023308769744801091733,,Up,buy,6,0.36
2025-12-25T10:17:22.727800+00:00,0xb1a4b7d33c5c937dd98e6732d3ad4a6a3efb217c4a7524087e9c05bf21261325,91272322704237856545228168302916473806921203936950878059023308769744801091733,,Up,buy,14,0.36
2025-12-25T10:17:22.727836+00:00,0x58c1f73fe0b4d9694ea9a18caefcd8e88d3702ed9965b3cf82937a5d7057e1f5,72929581510400283062049936073840878942298491246753007948589126112463750092542,,Up,buy,28,0.15
2025-12-25T10:17:22.727870+00:00,0x07ae3880b48636cc180161afda256772912162b2c6857ee045e228ce9977be2c,106198240992658653339635073923554723013786850011500336859173556605263086511424,,Down,buy,22,0.65
2025-12-25T10:17:22.727904+00:00,0xc9c8159d079962dc7aa18be3cb837fe0c754bf7f77a01c30ba6b305c6d17879f,106198240992658653339635073923554723013786850011500336859173556605263086511424,,Down,buy,22,0.65
2025-12-25T10:17:22.727938+00:00,0x5dc005f8382717eca8911481e80ee22442a3e7cb309ffb5c42ef8250d3702a5c,106198240992658653339635073923554723013786850011500336859173556605263086511424,,Down,buy,22,0.65
2025-12-25T10:17:22.727972+00:00,0xe1f644f494cfdce316a9cd05265f9b70a2f4fcfb37e2d61b5cd7854868ea879f,106198240992658653339635073923554723013786850011500336859173556605263086511424,,Down,buy,22,0.65
2025-12-25T10:17:22.728005+00:00,0x321ee8288fe9f279561d469f5bfa9424fdcc4c40885a4ae9703729fd97aecf6a,72929581510400283062049936073840878942298491246753007948589126112463750092542,,Up,buy,28,0.2
2025-12-25T10:17:22.728038+00:00,0xfde2be240cdf686f95188086dfd75d5e35a67209fed5c6b945fdfd9e752372f2,72929581510400283062049936073840878942298491246753007948589126112463750092542,,Up,buy,28,0.2
2025-12-25T10:17:22.728073+00:00,0x794c4c853564769418e9b14a47ada79a56b5522f5efd6d4661f555e8d1c400ff,24393007901046293394370787579385740097177000061476340045121210304631396582654,,Down,buy,5,0.62
2025-12-25T10:17:22.728108+00:00,0x1456487770e1a5fe138352a638cca4a008a5f6585254b4e77b9e7f45d47cd2a5,24393007901046293394370787579385740097177000061476340045121210304631396582654,,Down,buy,5,0.6
2025-12-25T10:17:22.728142+00:00,0xbdd8527510a808ed5a85a58c9dc64b079dcc8af53538867dc36a066e34d027f8,2372748280261617111400506010457593125841238180630861816467783231552212956733,,Down,buy,16,0.81
2025-12-25T10:17:22.728176+00:00,0x5fea12f141d1130eaa011b8ebaeae8d8fc4f71eadbbd9252326931b197a91440,2372748280261617111400506010457593125841238180630861816467783231552212956733,,Down,buy,4,0.8
2025-12-25T10:17:22.728210+00:00,0x78d28e4ee5f89a892cd71c370114eb65ab63e35efad797b29290564dad285b1d,2372748280261617111400506010457593125841238180630861816467783231552212956733,,Down,buy,16,0.8
2025-12-25T10:17:22.728244+00:00,0xfcfe56c745a5c1d7b10fc761a9c73bbe5227ff5cfc5111cc1dea51ab0b03200b,2372748280261617111400506010457593125841238180630861816467783231552212956733,,Down,buy,16,0.81
2025-12-25T10:17:22.728277+00:00,0x2db559bcf3907ca733339978afcac4a69efda47bc7060712beb5cfdaeead99d8,41409993705208499602320215929844352141350055237806376816205453507989005966963,,Up,buy,16,0.22
2025-12-25T10:17:22.728311+00:00,0xd238310c1cbf8ec1f0581d4f8acd88ac6a20944091ad1fccec0b45ea842e5239,41409993705208499602320215929844352141350055237806376816205453507989005966963,,Up,buy,16,0.22
2025-12-25T10:17:22.728345+00:00,0xe952a60f0510702846585c141079c6a3e9611a168c3e7085a6af4b03da7f7d1f,41409993705208499602320215929844352141350055237806376816205453507989005966963,,Up,buy,16,0.21
2025-12-25T10:17:22.728380+00:00,0xd84d6e7f68b15a380fb7e95468f2fa23b65d4345feef014031b4030f99295088,41409993705208499602320215929844352141350055237806376816205453507989005966963,,Up,buy,16,0.21
2025-12-25T10:17:22.728413+00:00,0x986223e816415453efaad6cb3d8e710b70b92499f63ca9cc330bff7a99dd42ca,41409993705208499602320215929844352141350055237806376816205453507989005966963,,Up,buy,16,0.21
2025-12-25T10:17:22.728447+00:00,0x2bbda7829f14b0027c3c8c7a68ba02d231bb3ad650ac039884378ad421510379,41409993705208499602320215929844352141350055237806376816205453507989005966963,,Up,buy,16,0.22
2025-12-25T10:17:22.728481+00:00,0xe28a903495b9c0e19d00a65331cb691d3c36e1c8cbd3c6edb8f7a1fccb284eb6,41409993705208499602320215929844352141350055237806376816205453507989005966963,,Up,buy,5,0.21
2025-12-25T10:17:22.728517+00:00,0xc970a9b39c4a091803f0bece66b03b48be7bd925027d42e9ee0965ce55024dad,24393007901046293394370787579385740097177000061476340045121210304631396582654,,Down,buy,14,0.6
2025-12-25T10:17:22.728551+00:00,0x2673584185dc7181c8cf6b54631de0f1758a8d08e59ebb5fe75d4d6f9fc8ca8c,2372748280261617111400506010457593125841238180630861816467783231552212956733,,Down,buy,16,0.78
2025-12-25T10:17:22.728585+00:00,0xf0dddb21eaa1c4c702752ac4c3c9246fa8741747735a4e664c7dc1c38fccc680,2372748280261617111400506010457593125841238180630861816467783231552212956733,,Down,buy,7.07,0.78
2025-12-25T10:17:22.728619+00:00,0x16aa7d65eceb48f18531a3897f6b6920bbdb3fc8f30747460f2bf838e3e316b0,2372748280261617111400506010457593125841238180630861816467783231552212956733,,Down,buy,16,0.78
2025-12-25T10:17:22.728654+00:00,0xc9f353d4772564c81000fab1490396fa105b7bc7b8626b6620b8af783d2e460c,2372748280261617111400506010457593125841238180630861816467783231552212956733,,Down,buy,16,0.78
2025-12-25T10:17:22.728688+00:00,0x988ac092dd0139be677909be2d9a97f166e79c83b09ed98064eadefab5efa36f,2372748280261617111400506010457593125841238180630861816467783231552212956733,,Down,buy,16,0.78
2025-12-25T10:17:22.728722+00:00,0xa218bc52cf2c3ac66962f65d0a3eede5e8b99da5366bd1743cd1ce72d0d6f233,2372748280261617111400506010457593125841238180630861816467783231552212956733,,Down,buy,16,0.78
2025-12-25T10:17:22.728756+00:00,0xc5bb248b9a854f494ba70c69c8760a00bc8f41058bf0037c2e82894a5c4d7dfc,2372748280261617111400506010457593125841238180630861816467783231552212956733,,Down,buy,16,0.78
2025-12-25T10:17:22.728790+00:00,0x539c0888c128a72065b575ded7587d1c03c44ace52f2db3973665be6e762dbad,24393007901046293394370787579385740097177000061476340045121210304631396582654,,Down,buy,8.16,0.59
2025-12-25T10:17:22.728824+00:00,0xdebc5e48fba4a0527a94a0dc16bb1bc0a1262ee585be4c8974a543fc81a0e429,2372748280261617111400506010457593125841238180630861816467783231552212956733,,Down,buy,16,0.78
2025-12-25T10:17:22.728858+00:00,0x8588593edb549076382dac36a1b0d839ef162f5c225aaa469dfc2862e73b3d57,2372748280261617111400506010457593125841238180630861816467783231552212956733,,Down,buy,5.35,0.77
2025-12-25T10:17:22.728892+00:00,0x90f7d1d9a6c6a9739a69567e515836f064cdf719a44f3eebf0a69b1887841064,91272322704237856545228168302916473806921203936950878059023308769744801091733,,Up,buy,14,0.43
2025-12-25T10:22:48.534320+00:00,0x3506c5ce2897e5d5033ae3d57f62a1dd466e4e84f74b23586123879b0beab9ee,37318403920966930755756514819536008581249547774582151117796142037966560371360,,Up,buy,28,0.74
2025-12-25T10:22:48.534423+00:00,0xefdddb378acc82a352c46326d15262377ab8ad2a91b9509d00c3089682fb2904,37318403920966930755756514819536008581249547774582151117796142037966560371360,,Up,buy,15,0.74
2025-12-25T10:22:48.534479+00:00,0x1d723c8da36bf0e5781227e2c8ac9f5ee5c8f500826e5b6ca0862e95021b452c,37318403920966930755756514819536008581249547774582151117796142037966560371360,,Up,buy,12,0.73
2025-12-25T10:22:48.534521+00:00,0x43d7baebbd6112b47830048f42c21924edc92eb4f061abac9ea86d2c663cda6a,37556160299449797190479746140843594365118594708738586200112360498126213376320,,Up,buy,16,0.76
2025-12-25T10:22:48.534561+00:00,0x4a8b826c7d1e64df641dd087d93e6eda87e912936c447fa65e702c811283bf99,37556160299449797190479746140843594365118594708738586200112360498126213376320,,Up,buy,16,0.76
2025-12-25T10:22:48.534599+00:00,0x9788cbd2e4e323895c3ac2451ecd5f8f80621695b22e5994ad4c4cafc93bfd54,37556160299449797190479746140843594365118594708738586200112360498126213376320,,Up,buy,16,0.76
2025-12-25T10:22:48.534637+00:00,0x340ed384b879080fe448a3bcef9c04b4cdb5f8e8f6ae8dda7edde9a5136c264b,105107536428124088431201031494034807779329860905945908480241301426120639605040,,Up,buy,12,0.22
2025-12-25T10:22:48.534682+00:00,0x13e9a4936854b0988c156b74a61d16d2412487d0326b2a78ba2a7641a5b282b1,105107536428124088431201031494034807779329860905945908480241301426120639605040,,Up,buy,22,0.22
2025-12-25T10:22:48.534727+00:00,0xf08249592e09f73230d434042b19ebc31421429ca5aa3e05dcbf1cde31949dee,37556160299449797190479746140843594365118594708738586200112360498126213376320,,Up,buy,16,0.72
2025-12-25T10:22:48.534774+00:00,0x45c48205dc34e14912e87de965ee9c634e97c1e50b84e1e8cc23c55eda50b5a2,37556160299449797190479746140843594365118594708738586200112360498126213376320,,Up,buy,16,0.72
2025-12-25T10:22:48.534813+00:00,0xe716a579a415515414bc4aba2f381df9e3501bb912d4cea64d135253af182683,37556160299449797190479746140843594365118594708738586200112360498126213376320,,Up,buy,16,0.72
2025-12-25T10:22:48.534849+00:00,0xdd137976eed10b8963d1c57dd8dcf9f63ff2b6f655470fdc6e9611e41c713eac,37556160299449797190479746140843594365118594708738586200112360498126213376320,,Up,buy,16,0.72
2025-12-25T10:22:48.534886+00:00,0x60217340912d6c66156299de1953ed70dfe16b544521d4ed3498af7496cd3df6,37556160299449797190479746140843594365118594708738586200112360498126213376320,,Up,buy,16,0.72
2025-12-25T10:22:48.534922+00:00,0xcb0bea0e6e8ec530fd03856740314cd96f4fc5c2c7e1ce174c04c26a2cd71f93,37556160299449797190479746140843594365118594708738586200112360498126213376320,,Up,buy,16,0.72
2025-12-25T10:22:48.534957+00:00,0x57dbd098d37bb1fe9a7769d4467267fab7c583ea12b3177d3c1f225a2166759a,37318403920966930755756514819536008581249547774582151117796142037966560371360,,Up,buy,28,0.73
2025-12-25T10:22:48.534992+00:00,0x04cefc004fbe9d9731b9a8d639e086960b29eeeb8250957c75ef9c7581bbe3f7,37318403920966930755756514819536008581249547774582151117796142037966560371360,,Up,buy,28,0.73
2025-12-25T10:22:48.535030+00:00,0x346ffd80bdadd00c6eebbb6738c5f1451ad248601c6e9c25925010aca88b3b81,24393007901046293394370787579385740097177000061476340045121210304631396582654,,Down,buy,14,0.79
2025-12-25T10:22:48.535066+00:00,0xaf1aad4769acfcebad940080335f85f82ec8ae051aa39bab9970f6f7a78b2a7b,24393007901046293394370787579385740097177000061476340045121210304631396582654,,Down,buy,9.75,0.78
2025-12-25T10:22:48.535102+00:00,0x26c591ab0e7219a71389dba1909dd13147df31f56c4ac6327327c344004f1aab,2443314185827161071236430348605151521909490189447679187915865970167840378583,,Down,buy,16,0.13
2025-12-25T10:22:48.535138+00:00,0xf78abffa6ef7234b34b4ac8079c36d980523d086e457c3ef270c5f3983d1b68f,58832710481546563506323626681641732775186485071838633734926743677444610757653,,Down,buy,28,0.16
2025-12-25T10:22:48.535172+00:00,0xf3ddcc61bd570bb46f3d41b5165d58bba9df0e645e13657532e9d075f77b0709,58832710481546563506323626681641732775186485071838633734926743677444610757653,,Down,buy,13.42,0.14
2025-12-25T10:22:48.535207+00:00,0xe7f7fb081f937736bd6335e003f8748b4e2c6bba9a332afeb17c7a1232b5453d,2443314185827161071236430348605151521909490189447679187915865970167840378583,,Down,buy,8,0.11
2025-12-25T10:22:48.535243+00:00,0x85aed276c6509939a7310c4e7f09e00d16982b28a4cc5bcf92b9cc2ed9fe3ed7,37556160299449797190479746140843594365118594708738586200112360498126213376320,,Up,buy,10.62,0.89
2025-12-25T10:22:48.535280+00:00,0x15edd3ff3d70e2cc790ab6647b16b3b686dc4437123e8093a2852d2ddce6890e,37556160299449797190479746140843594365118594708738586200112360498126213376320,,Up,buy,16,0.89
2025-12-25T10:22:48.535315+00:00,0x753ae420503b27119c014cc36375959f38b0aa0ab7039fd705a1579788d36f1f,24393007901046293394370787579385740097177000061476340045121210304631396582654,,Down,buy,7,0.75
2025-12-25T10:22:48.535351+00:00,0xb3e735e31349d3e8c34bbdc000d8ef9a756a6e9b198e79e6f0ef7a26fc7382b2,91272322704237856545228168302916473806921203936950878059023308769744801091733,,Up,buy,14,0.25
2025-12-25T10:22:48.535385+00:00,0xa468adc878fbdb049ea62afc10bca0ba4e1b101fe0101a600188a8db2ce93b6b,37556160299449797190479746140843594365118594708738586200112360498126213376320,,Up,buy,4.94,0.88
2025-12-25T10:22:48.535420+00:00,0xa9946da7aa65f18e8216d407283add3f2e818c2a7e88e75a501adfe715662085,91272322704237856545228168302916473806921203936950878059023308769744801091733,,Up,buy,14,0.25
2025-12-25T10:22:48.535454+00:00,0x7dc355901bce52652862b67e03536be5d52f28acffce269af1039af1fc6b5309,24393007901046293394370787579385740097177000061476340045121210304631396582654,,Down,buy,14,0.75
2025-12-25T10:22:48.535489+00:00,0x0444587417b355102f111fd8a7fa30684f93877e025de222adef25aad0a02f19,37318403920966930755756514819536008581249547774582151117796142037966560371360,,Up,buy,28,0.89
2025-12-25T10:22:48.535528+00:00,0x3c83c9585a84579bd6a2edfc956cca84811d27a450db9d40b208f79dad5d137f,37318403920966930755756514819536008581249547774582151117796142037966560371360,,Up,buy,28,0.89
2025-12-25T10:22:48.535562+00:00,0x4c322b3c76e26ff5c13e318dc18526c84fed6df5a2b5a69e33dc5c949e989d47,37318403920966930755756514819536008581249547774582151117796142037966560371360,,Up,buy,28,0.89
2025-12-25T10:22:48.535597+00:00,0x148572ba644c780ad3e00695671d1d63301b9e1c0f31b6842c2d51ca04bc1d85,37318403920966930755756514819536008581249547774582151117796142037966560371360,,Up,buy,28,0.89
2025-12-25T10:22:48.535632+00:00,0x5bacb30fd7b6c950542101cb4adc1db52e93d0bd66843a2b3f423d178b58184e,58832710481546563506323626681641732775186485071838633734926743677444610757653,,Down,buy,28,0.19
2025-12-25T10:22:48.535667+00:00,0x2b464b2f14d605acaba14559f74f9a8a66cde653d7b331172c1764282868f6f0,58832710481546563506323626681641732775186485071838633734926743677444610757653,,Down,buy,28,0.22
2025-12-25T10:22:48.535702+00:00,0x6d551c93999e8d6e848943b41996d86f1918b47a27e67b3fe972173fa7529c4c,58832710481546563506323626681641732775186485071838633734926743677444610757653,,Down,buy,28,0.22
2025-12-25T10:22:48.535737+00:00,0x362299c247bc152d1779882faba0be362d94b8a315224491bb944afa765f1208,37318403920966930755756514819536008581249547774582151117796142037966560371360,,Up,buy,28,0.75
2025-12-25T10:22:48.535772+00:00,0x18a751c3d5b1f4c81dd7390c0ffbd884a91441d18a06171afa891de5f2c81144,37318403920966930755756514819536008581249547774582151117796142037966560371360,,Up,buy,28,0.75
2025-12-25T10:22:48.535807+00:00,0x5c743decd2ea51724316b476a6d9d31227a35e77292adb1700d1793e2351627e,37556160299449797190479746140843594365118594708738586200112360498126213376320,,Up,buy,16,0.83
2025-12-25T10:22:48.535841+00:00,0x9333ccc9f707b0d6ccf1e4239d215532e3443b4c1e13e5856d97eac903ec918f,37556160299449797190479746140843594365118594708738586200112360498126213376320,,Up,buy,16,0.83
2025-12-25T10:22:48.535875+00:00,0x091550f02ae02a57626bca0e13a3096c20f801fc1403dfdb2a254f383070c484,37318403920966930755756514819536008581249547774582151117796142037966560371360,,Up,buy,28,0.75
2025-12-25T10:22:48.535909+00:00,0xb2db7a1792c0cb8f2cd32b889477a2b4715f6673eb60481ed1329df838dac355,37318403920966930755756514819536008581249547774582151117796142037966560371360,,Up,buy,28,0.75
2025-12-25T10:22:48.535944+00:00,0xdeba34a3a49b5c7727c365515990e907afef87afedabb07087cc58a8f3fc89c3,37318403920966930755756514819536008581249547774582151117796142037966560371360,,Up,buy,28,0.75
2025-12-25T10:22:48.535978+00:00,0xd0f10587828c36e3eac54edf49af258ddb07563162beb6684050368d738ddf9b,91272322704237856545228168302916473806921203936950878059023308769744801091733,,Up,buy,14,0.24
2025-12-25T10:22:48.536013+00:00,0xbd8345d0d7b1408e4dd7c2a0b58748b614ee54f0a1fb73b0ebb6807d051c1e2d,37318403920966930755756514819536008581249547774582151117796142037966560371360,,Up,buy,28,0.75
2025-12-25T10:22:48.536048+00:00,0x77838d1b37a36f804d3367a148dadb890ffc7674c2dab333b1553e6919892e6f,37318403920966930755756514819536008581249547774582151117796142037966560371360,,Up,buy,28,0.75
2025-12-25T10:22:48.536082+00:00,0xbfda269fdaa652a49caee353b29f7c28a8031687ea18eb96babb04a9fb7c3cb3,37318403920966930755756514819536008581249547774582151117796142037966560371360,,Up,buy,28,0.75
2025-12-25T10:22:48.536117+00:00,0xadd1c67b702e7a50f2f58c9ac3b2dfb7e8604a3aef85438b5f933095001c783f,37318403920966930755756514819536008581249547774582151117796142037966560371360,,Up,buy,28,0.68
2025-12-25T10:22:48.536152+00:00,0x74b807ce9bad1cc68d3eb0b7c259aff4d3786e98ebaceece1772a9117cd06e36,37318403920966930755756514819536008581249547774582151117796142037966560371360,,Up,buy,28,0.68
2025-12-25T10:22:48.536186+00:00,0xc75968636a18e0161ab025fe7c2537d8107e8b9035a9b9fa7c7fb44712973c28,37318403920966930755756514819536008581249547774582151117796142037966560371360,,Up,buy,28,0.68
2025-12-25T10:22:48.536220+00:00,0xe4b6b91507da9aef173c8356f5030af00bcafe2ed084dd0940ab29d0a3ee0489,2443314185827161071236430348605151521909490189447679187915865970167840378583,,Down,buy,16,0.18
2025-12-25T10:22:48.536258+00:00,0x259f5ef89bb2fbcbaac7cdf14a15e61a73271f5d277f489258530cca404b2f11,2443314185827161071236430348605151521909490189447679187915865970167840378583,,Down,buy,16,0.18
2025-12-25T10:22:48.536293+00:00,0x4784215f8e0c11b0b86aa8747447f55e561f3194cc76da0360adbfaf5172c0e1,37318403920966930755756514819536008581249547774582151117796142037966560371360,,Up,buy,28,0.68
2025-12-25T10:22:48.536328+00:00,0x4b7a70af0506e0d19c546e56f6b4cb08630b9dff9a1a76fcb6c83e94f28f5abe,37318403920966930755756514819536008581249547774582151117796142037966560371360,,Up,buy,28,0.68
2025-12-25T10:22:48.536364+00:00,0x08e6bf77bdfbf7e430e53a32ba9857d97c28c1423997fecb53eb6ea7345d1d18,37318403920966930755756514819536008581249547774582151117796142037966560371360,,Up,buy,28,0.68
2025-12-25T10:22:48.536399+00:00,0x0000518ddd2cd06a71fdfe69e718add8aa1d291e5544a3ad3efcf1d708c97b06,91272322704237856545228168302916473806921203936950878059023308769744801091733,,Up,buy,14,0.21
2025-12-25T10:22:48.536433+00:00,0x708a724ddee3f50c81a2d0638adacc00950681a5af3542c9c7af7e5e0563cf11,37318403920966930755756514819536008581249547774582151117796142037966560371360,,Up,buy,27.16,0.75
2025-12-25T10:22:48.536469+00:00,0x742168a2cacf741205239db9bc2ee4cd8ea53a3781863b35243a21b865c061b3,37318403920966930755756514819536008581249547774582151117796142037966560371360,,Up,buy,28,0.75
2025-12-25T10:22:48.536505+00:00,0xa94ea293a16267b9a346993c25f24e254ccd1d46b67e6eedee9ff2d155376a24,37318403920966930755756514819536008581249547774582151117796142037966560371360,,Up,buy,28,0.75
2025-12-25T10:22:48.536540+00:00,0xed0e042dfac2e780e7b6de0fa555a25621ec7f92926dab20e3d4ea2ab3e4d2fb,91272322704237856545228168302916473806921203936950878059023308769744801091733,,Up,buy,10,0.19
2025-12-25T10:22:48.536575+00:00,0x4a00444ffac05278f2fe3c7639d817a141c379be8e9af3cfe545bb18a56d80db,37556160299449797190479746140843594365118594708738586200112360498126213376320,,Up,buy,16,0.76
2025-12-25T10:22:48.536610+00:00,0xc2c52e3f28da975f4344862cfe8f6b7dba4211488f1c3937b863ad41377f6bef,37556160299449797190479746140843594365118594708738586200112360498126213376320,,Up,buy,16,0.76
2025-12-25T10:22:48.536644+00:00,0xdbde0fce20bd9e2e7a8e8c6153d6352da50141491d3846a6980704a9fbf9762b,37556160299449797190479746140843594365118594708738586200112360498126213376320,,Up,buy,16,0.76
2025-12-25T10:22:48.536679+00:00,0x256e431210c52c2c13316ee8b4316d6f0205e79c9d785785e02fcd21ab5a436e,91272322704237856545228168302916473806921203936950878059023308769744801091733,,Up,buy,5,0.21
2025-12-25T10:22:48.536714+00:00,0x57bb9bbe9ccaa6ee64cba03d4e5b1ad13ede35a0742359d78790e819c2304410,37556160299449797190479746140843594365118594708738586200112360498126213376320,,Up,buy,16,0.76
2025-12-25T10:22:48.536749+00:00,0x32978a13e4b12f87479f830edb95f545c25617862ffdcd409e6e0d0a2f076365,91272322704237856545228168302916473806921203936950878059023308769744801091733,,Up,buy,5,0.2
2025-12-25T10:22:48.536784+00:00,0x99585ed53d2af7e0fb9f39f83422b30eaf46d14f0384e7e7e920d3963a91e86d,91272322704237856545228168302916473806921203936950878059023308769744801091733,,Up,buy,14,0.19
2025-12-25T10:22:48.536819+00:00,0x1f83c2b65239361ede9162ea57e5812e400b354cbbd71d1407db19861765840c,37318403920966930755756514819536008581249547774582151117796142037966560371360,,Up,buy,28,0.58
2025-12-25T10:22:48.536853+00:00,0xd181d4008aa3d5ac64a414f9270e90e757010ac06a2634ca4345208f3a981acc,37556160299449797190479746140843594365118594708738586200112360498126213376320,,Up,buy,4.45,0.73
2025-12-25T10:22:48.536888+00:00,0xa177ca2fb6bf25816e1917cce503e328e6b2d67393c88c5dae9b685d61e162e9,37556160299449797190479746140843594365118594708738586200112360498126213376320,,Up,buy,16,0.73
2025-12-25T10:22:48.536922+00:00,0x2536db3851a7b20a2930a224772eed4be663ca1ab1f40bddb37150995c30b0b0,91272322704237856545228168302916473806921203936950878059023308769744801091733,,Up,buy,14,0.16
2025-12-25T10:22:48.536957+00:00,0xcc5c1b6da570dae69e21c16e7afd4f452ed611b8ada3fb5d2ad60ad0653fab33,91272322704237856545228168302916473806921203936950878059023308769744801091733,,Up,buy,14,0.16
2025-12-25T10:22:48.536994+00:00,0x9e0e806affd4ec989909d18d8fef2ee46e4ef0ab793bf49a98c1e43c2ca59d08,37556160299449797190479746140843594365118594708738586200112360498126213376320,,Up,buy,16,0.67
2025-12-25T10:22:48.537029+00:00,0xd1b3108dfaa791e700542422a809175487c9fca462c4057d9331453bcaf76386,37318403920966930755756514819536008581249547774582151117796142037966560371360,,Up,buy,28,0.56
2025-12-25T10:22:48.537063+00:00,0xe11d39d7bc4102505b753d8089e29183de93bf05c883a513060ddfb6f20be7c3,37318403920966930755756514819536008581249547774582151117796142037966560371360,,Up,buy,24.4,0.56
2025-12-25T10:22:48.537098+00:00,0xf10bc451ecbac8e5fdd2525fc6fd03921fe283341696196ab9fc890d11cd6c31,37318403920966930755756514819536008581249547774582151117796142037966560371360,,Up,buy,28,0.56
2025-12-25T10:22:48.537132+00:00,0xffde06760747a621c60c3cbe0238d382788e6f7025e412aa44cf394253701b5d,37318403920966930755756514819536008581249547774582151117796142037966560371360,,Up,buy,4.38,0.52
2025-12-25T10:22:48.537168+00:00,0xee9bf20960117d30d858147d748caa4261c97d80dda85d6d15b241b309c5c767,37318403920966930755756514819536008581249547774582151117796142037966560371360,,Up,buy,28,0.5
2025-12-25T10:22:48.537203+00:00,0x22b273ae35dc10dbcaca71a28ea6ffe0e7717f942338e300c0997198d30f30b3,58832710481546563506323626681641732775186485071838633734926743677444610757653,,Down,buy,28,0.51
2025-12-25T10:22:48.537237+00:00,0xe166da3c88f11d7ca71a287ceecebd4efb0783a18242dc4cbb69db16736c8139,58832710481546563506323626681641732775186485071838633734926743677444610757653,,Down,buy,28,0.51
2025-12-25T10:22:48.537272+00:00,0xe0115131fb845ac7d41b90e0f85824ac75b25cbbbff2cc5e936bc2c92303be33,58832710481546563506323626681641732775186485071838633734926743677444610757653,,Down,buy,28,0.52
2025-12-25T10:22:48.537307+00:00,0x32d4c26fe4ea2eb6c92ebec8a38b22113f6cc0bcc8177524fa840f0b52c799c2,58832710481546563506323626681641732775186485071838633734926743677444610757653,,Down,buy,28,0.52
2025-12-25T10:22:48.537341+00:00,0xaef5e67b331e53fbd82cd5d0031460e603a0896de57a45918a3e2445e25f27ca,58832710481546563506323626681641732775186485071838633734926743677444610757653,,Down,buy,28,0.52
2025-12-25T10:22:48.537375+00:00,0x12675671471569a313ee7539bdd2a62deece817d042f0a6a803b5c179be522bc,58832710481546563506323626681641732775186485071838633734926743677444610757653,,Down,buy,28,0.52
2025-12-25T10:22:48.537409+00:00,0x04f339da2b67828fbe90f84b47d546f65c0367878704fdb84d9276b9f6848e68,58832710481546563506323626681641732775186485071838633734926743677444610757653,,Down,buy,28,0.52
2025-12-25T10:22:48.537444+00:00,0xd868e49520816eaafcb5b8216e2c7d5e4088d9f2aa03eda263eef5bda563263a,37318403920966930755756514819536008581249547774582151117796142037966560371360,,Up,buy,28,0.47
2025-12-25T10:22:48.537479+00:00,0x4f8653e5e3b03afcd2d2695ee537decf0118a2a6fa52ded0da693225f4becb1e,37318403920966930755756514819536008581249547774582151117796142037966560371360,,Up,buy,28,0.47
2025-12-25T10:22:48.537513+00:00,0x872a8eee847151537656199731801ad60890604bc53fb24cced43280a211b613,37318403920966930755756514819536008581249547774582151117796142037966560371360,,Up,buy,28,0.49
2025-12-25T10:22:48.537547+00:00,0x1f0ea99893c6ce09bc8cc0dad6d6ad6ace142c194d75b264ce643763782db765,37318403920966930755756514819536008581249547774582151117796142037966560371360,,Up,buy,0.95,0.49
2025-12-25T10:22:48.537582+00:00,0xb6fc0959714a6371857833df247f2f8fd55f41c5399329be2ae1ca5defe251a9,2443314185827161071236430348605151521909490189447679187915865970167840378583,,Down,buy,16,0.48
2025-12-25T10:22:48.537616+00:00,0x0209a71c862807f72333ffb92545d80118d1ac231281f864bb40de41771f4367,91272322704237856545228168302916473806921203936950878059023308769744801091733,,Up,buy,14,0.13
2025-12-25T10:22:48.537651+00:00,0x8908114a9ac0d0168ecfb33e0ee8e0e38e81d9a6b5911ab13883b58fa2f61f78,91272322704237856545228168302916473806921203936950878059023308769744801091733,,Up,buy,14,0.13
2025-12-25T10:22:48.537685+00:00,0x23165031098ea9419243279c43ab068ea10e395defed325f1c86e38de38d96d8,2443314185827161071236430348605151521909490189447679187915865970167840378583,,Down,buy,16,0.48
2025-12-25T10:22:48.537721+00:00,0x9a1d17746a12c553aaf562cba8938476898b746ba5d028f4ed9b69f6b6242d14,58832710481546563506323626681641732775186485071838633734926743677444610757653,,Down,buy,28,0.5185714285714286
2025-12-25T10:22:48.537757+00:00,0x46e205ee4366f7b2445067d53d69ff6489e62ed792d0c37f26c68268e8168882,58832710481546563506323626681641732775186485071838633734926743677444610757653,,Down,buy,28,0.5168071428571429
2025-12-25T10:22:48.537794+00:00,0xabb7cb844e9a4702c4030b4ac2da6405f24716b78531aa89c79ac881931ebd85,58832710481546563506323626681641732775186485071838633734926743677444610757653,,Down,buy,15.13,0.53
2025-12-25T10:22:48.537845+00:00,0x374e8f361a8d938b96895a4aac189a7a722c6d75a9399ca515b38a92c78b6ffb,37318403920966930755756514819536008581249547774582151117796142037966560371360,,Up,buy,28,0.45
2025-12-25T10:22:48.537889+00:00,0x3b577f6441dd18f88f99a0e7e3a67c8b3de8492302e25e6f8008c486f593622e,37318403920966930755756514819536008581249547774582151117796142037966560371360,,Up,buy,28,0.49
2025-12-25T10:22:48.537927+00:00,0xf05f19a4ee025c7ee9bb8a083c228d426d50c3e6cdabaecfbe2f7249c576afdb,37318403920966930755756514819536008581249547774582151117796142037966560371360,,Up,buy,28,0.5
2025-12-25T10:22:48.537963+00:00,0x4125eca49994f6c256409bcb427ee0ce5351f7465c5a2a3201f51d759e6aec0c,37318403920966930755756514819536008581249547774582151117796142037966560371360,,Up,buy,28,0.5
2025-12-25T10:22:48.537999+00:00,0x1b6cbd7a6934db158664aa9cb3de49f0e4a423118838664896c68ee1e8ce8556,37318403920966930755756514819536008581249547774582151117796142037966560371360,,Up,buy,28,0.49
2025-12-25T10:22:48.538035+00:00,0x9a17d4c73d5de2cd8dc91c084fd8e0905e3868db6bf4cee6040bf14e5be7398e,37318403920966930755756514819536008581249547774582151117796142037966560371360,,Up,buy,28,0.49142142857142856
2025-12-25T10:22:48.538071+00:00,0x8d492b5d4256e32356e92aef434d982230ab5eb7038c0dd40486359bbee4b85b,37318403920966930755756514819536008581249547774582151117796142037966560371360,,Up,buy,1.06,0.48
2025-12-25T10:22:48.538107+00:00,0x157bae4c712d55c934ff57d48e114f27ceda034aedd36fdccf2e71e3235b10d4,58832710481546563506323626681641732775186485071838633734926743677444610757653,,Down,buy,28,0.51
2025-12-25T10:22:48.538143+00:00,0xf700e04b815d99925552facf96b92d08dcbb4316625e0d31938992894ef08a9b,58832710481546563506323626681641732775186485071838633734926743677444610757653,,Down,buy,28,0.52
2025-12-25T10:22:48.538178+00:00,0x37fb60880fb1c78c024fd1b21443a0a0a2520111e5aae31f00963dea2126fafd,58832710481546563506323626681641732775186485071838633734926743677444610757653,,Down,buy,28,0.52
2025-12-25T10:22:48.538213+00:00,0x8e527f877e1b715ea2ba0b07f2dfbe8535567506c7aec83d51fc0cd603709885,58832710481546563506323626681641732775186485071838633734926743677444610757653,,Down,buy,28,0.5
2025-12-25T10:22:48.538254+00:00,0x0ad7fc8ed3a083275ce620a35c1efd3694a8da287c4c3ff14392a58fe24794d8,58832710481546563506323626681641732775186485071838633734926743677444610757653,,Down,buy,28,0.5
2025-12-25T10:22:48.538289+00:00,0xc2c3b47acd68566e0e71eee917c7e7d68506db036e31b4c717c675c57f707c5c,58832710481546563506323626681641732775186485071838633734926743677444610757653,,Down,buy,28,0.48
2025-12-25T10:22:48.538324+00:00,0xb0aff8ad0a679c9fe33fae81a3b012264526c416447ef58669f3ba4b5e9a47dc,58832710481546563506323626681641732775186485071838633734926743677444610757653,,Down,buy,28,0.48
2025-12-25T10:22:48.538359+00:00,0xad034c291f4f669371570322591253e5f439b46737f2c327f1fd5a76487d33dd,37318403920966930755756514819536008581249547774582151117796142037966560371360,,Up,buy,2,0.55
2025-12-25T10:22:48.538393+00:00,0x9e7e0fcd76a63f46176e10f31f808ea86e99f99e22f50a34a4a00ad80015e115,58832710481546563506323626681641732775186485071838633734926743677444610757653,,Down,buy,14.67,0.49
2025-12-25T10:22:48.538428+00:00,0xd24d3035e422c481042695a2b53a821ec8f45347974acb3145c80b2e3faaece4,58832710481546563506323626681641732775186485071838633734926743677444610757653,,Down,buy,7,0.48
2025-12-25T10:22:48.538465+00:00,0x0acdb4b8e53aef0cb4ef5b49ae46a0c44a546a78e579faa298eefe0ac4139647,37556160299449797190479746140843594365118594708738586200112360498126213376320,,Up,buy,16,0.46
2025-12-25T10:22:48.538500+00:00,0x0aaf764f4d2a0d17c05db11424a25b2c08d949e988c0c10281ee537141a739ca,37556160299449797190479746140843594365118594708738586200112360498126213376320,,Up,buy,16,0.46
2025-12-25T10:22:48.538534+00:00,0x0d4cdc0f708928c8bcfeae0a12a6ef42272c151fc9afc148154f923351da0272,37556160299449797190479746140843594365118594708738586200112360498126213376320,,Up,buy,16,0.46554375
2025-12-25T10:22:48.538570+00:00,0x8a9e8ab0bec9832628412d04b1432d2c87525077b01afb32a43472071e4c22eb,37556160299449797190479746140843594365118594708738586200112360498126213376320,,Up,buy,16,0.48
2025-12-25T10:22:48.538607+00:00,0x171a8e5b406f214813285bcec0c6e7c9f00b9180c31a890bfcaae00d987e2afd,37556160299449797190479746140843594365118594708738586200112360498126213376320,,Up,buy,16,0.48
2025-12-25T10:22:48.538645+00:00,0x2d3dd1030182d3690049b13446e9476574853a8f5e38f2c9907dbe42627b37c4,58832710481546563506323626681641732775186485071838633734926743677444610757653,,Down,buy,15,0.53
2025-12-25T10:29:56.299602+00:00,0xec918a7ed5dc7637e71a03d0086a791f006b85f1e3ad85007fcb9aed1c274ead,58832710481546563506323626681641732775186485071838633734926743677444610757653,,Down,buy,18,0.09
2025-12-25T10:29:56.299716+00:00,0x74cbf275c185cb2d7f4b2a3ece7c1bad15e9dccc693b1e303506a226ab2b121a,58832710481546563506323626681641732775186485071838633734926743677444610757653,,Down,buy,18,0.09
2025-12-25T10:29:56.299780+00:00,0x3aaa5aea0b5408d522f25f2628e7eeba4ab7f30193f146b64dc1d03c2f45f830,58832710481546563506323626681641732775186485071838633734926743677444610757653,,Down,buy,18,0.09
2025-12-25T10:29:56.299827+00:00,0xa0525d9ba76bc5055e0bec1515fe0298c4355aa9ad19642b3ca0351ce0025b47,58832710481546563506323626681641732775186485071838633734926743677444610757653,,Down,buy,18,0.09902777777777778
2025-12-25T10:29:56.299872+00:00,0x9367e8dbd49a44edafda1a75eb494673c5eb2ca47300fe984112c07bde85919a,58832710481546563506323626681641732775186485071838633734926743677444610757653,,Down,buy,18,0.1
2025-12-25T10:29:56.299914+00:00,0xf1c3e393782c47db5723cd3b9c08a383915a050504a6c8a36432841dd6c79a18,58832710481546563506323626681641732775186485071838633734926743677444610757653,,Down,buy,18,0.09
2025-12-25T10:29:56.299955+00:00,0x238ae356276b060d031e8218a7acf39d21b79e8bbdd42d9c928ed541a2a65c8f,91272322704237856545228168302916473806921203936950878059023308769744801091733,,Up,buy,8,0.12
2025-12-25T10:29:56.300002+00:00,0x2aebe9c2589f005498948b03c96b320344ba115fcbe10226a287b4b5f4e71c68,91272322704237856545228168302916473806921203936950878059023308769744801091733,,Up,buy,14,0.12
2025-12-25T10:29:56.300051+00:00,0x5b617794389278ef5322b59c5f965265d84cc68a8b4cc64c8767c078e62e6787,91272322704237856545228168302916473806921203936950878059023308769744801091733,,Up,buy,14,0.12
2025-12-25T10:29:56.300095+00:00,0x5edd56fe8a0857cf224fb76efc7aa265cdc5554f3f9520df8a7880ce3009707a,91272322704237856545228168302916473806921203936950878059023308769744801091733,,Up,buy,14,0.12
2025-12-25T10:29:56.300137+00:00,0x1a2c3766a18e4f7e8ce47b31959c16974ed9f533f36ef76f42dbcb6ffcee19e0,105107536428124088431201031494034807779329860905945908480241301426120639605040,,Up,buy,10,0.23
2025-12-25T10:29:56.300177+00:00,0x46346a22d6cffbead549d590734608deb143c19408493ef9b932df532ef5d4af,58832710481546563506323626681641732775186485071838633734926743677444610757653,,Down,buy,21,0.08
2025-12-25T10:29:56.300217+00:00,0x47fb7b23230cafcfe35c9c9d86dfc35ceedd9d0b8f0b8a3015bc65228295b262,106198240992658653339635073923554723013786850011500336859173556605263086511424,,Down,buy,22,0.78
2025-12-25T10:29:56.300257+00:00,0xa2b091e2ec5df4dadfdc2369cb1dd27b660a7c4e106dab5522db05d16be8ba1f,58832710481546563506323626681641732775186485071838633734926743677444610757653,,Down,buy,21,0.08
2025-12-25T10:29:56.300296+00:00,0xe80db30a09ec7c5d2758dd36c379fe3402c656948a92845579ce3c14352781df,2443314185827161071236430348605151521909490189447679187915865970167840378583,,Down,buy,14,0.08
2025-12-25T10:29:56.300340+00:00,0x4e93929c66bb5b1fc39c1a66f2717489e448c111c3f148b6ad01d01c7ce69e5e,24393007901046293394370787579385740097177000061476340045121210304631396582654,,Down,buy,9.76,0.81
2025-12-25T10:29:56.300378+00:00,0x2a6e644718257a51d0cd29f33cde1b23b9780dddf81041b8f011f1b16b1891e5,37556160299449797190479746140843594365118594708738586200112360498126213376320,,Up,buy,15,0.9
2025-12-25T10:29:56.300416+00:00,0x8109afcb666009cc72029b6923a2abf92fa7ab0324cf179deeaaa46cc62744cd,37556160299449797190479746140843594365118594708738586200112360498126213376320,,Up,buy,15,0.92
2025-12-25T10:29:56.300455+00:00,0x641f9492079f7d665e53fa7a07edd17a3a4b499d0c931139c5a90164f334f003,37556160299449797190479746140843594365118594708738586200112360498126213376320,,Up,buy,15,0.92
2025-12-25T10:29:56.300493+00:00,0xd1291d7aa8337cab652830602a68a8e7061029eba9602101185558695d73c00d,37556160299449797190479746140843594365118594708738586200112360498126213376320,,Up,buy,15,0.9
2025-12-25T10:29:56.300530+00:00,0xc4f977cf211b1e60af856066664542436cf6b82c1dbc5260416a9a90414356aa,37556160299449797190479746140843594365118594708738586200112360498126213376320,,Up,buy,15,0.912
2025-12-25T10:29:56.300571+00:00,0x8e4631221c29acbfa85c9ab52ba4af52f31b9ad7c0021a553cf4ffb82f8c5169,37556160299449797190479746140843594365118594708738586200112360498126213376320,,Up,buy,15,0.92
2025-12-25T10:29:56.300609+00:00,0x7bc82398bcbe88e406db2f2244a2f30966163c58dd00ba41cc769da810922c46,58832710481546563506323626681641732775186485071838633734926743677444610757653,,Down,buy,26,0.14
2025-12-25T10:29:56.300647+00:00,0x87344219359f314cf0fb2e2e850624858d7f6c6d4b559eab67add7cd4235bd24,2443314185827161071236430348605151521909490189447679187915865970167840378583,,Down,buy,15,0.11
2025-12-25T10:29:56.300684+00:00,0xad4620faa7d15a3db43fe02cbd840e14122b7f8ea5c56f82bef90c00f868996a,2443314185827161071236430348605151521909490189447679187915865970167840378583,,Down,buy,15,0.11
2025-12-25T10:29:56.300721+00:00,0xb505127bc14fc30808e3643797bba44afe60094cfbdfedd7e59637f7c319da85,2443314185827161071236430348605151521909490189447679187915865970167840378583,,Down,buy,15,0.11
2025-12-25T10:29:56.300758+00:00,0x40048713a566cf1c0f98699169b42e4c506decf6a26b9d545d821ce3427c77e7,2443314185827161071236430348605151521909490189447679187915865970167840378583,,Down,buy,15,0.11
2025-12-25T10:29:56.300796+00:00,0x8137e73bf6a20e658d8720abbe07ae379979dc7e1cb67ef9471409a7bd006f82,2443314185827161071236430348605151521909490189447679187915865970167840378583,,Down,buy,15,0.11
2025-12-25T10:29:56.300832+00:00,0xc9c0c2b8dbf4f55ef3aa464fe3123626b6208b0d69b6c09dc5ed8229b4b04ac2,2443314185827161071236430348605151521909490189447679187915865970167840378583,,Down,buy,15,0.11
2025-12-25T10:29:56.300869+00:00,0x980065432b26e2809d11f99e952003481ea78fa7fcda9eb2ca46f7d18a4b248b,2443314185827161071236430348605151521909490189447679187915865970167840378583,,Down,buy,15,0.11
2025-12-25T10:29:56.300906+00:00,0xb6fabccbb49d37c04af076b0798497550e31093f1ad92a74600f5d806c8af94b,2443314185827161071236430348605151521909490189447679187915865970167840378583,,Down,buy,15,0.11
2025-12-25T10:29:56.300943+00:00,0xfe6ea08aae9c064d82515c8005e8a51c7c2b3a34493801f181d9ed14aa18f979,58832710481546563506323626681641732775186485071838633734926743677444610757653,,Down,buy,26,0.19
2025-12-25T10:29:56.300980+00:00,0xba6fe10d3e9737037e142d87f252ef04cf23586c7197abf57065263eebc78ad6,58832710481546563506323626681641732775186485071838633734926743677444610757653,,Down,buy,26,0.18955384615384616
2025-12-25T10:29:56.301018+00:00,0x6786ad09584ab805f1227dc6ad79dead94359f574e87a45bdbb920b9477ed52e,58832710481546563506323626681641732775186485071838633734926743677444610757653,,Down,buy,26,0.19
2025-12-25T10:29:56.301055+00:00,0xd2f94d69f89076a21bac814409221e64ddeb3ea041ce76d375ebf3ab3b91daec,2443314185827161071236430348605151521909490189447679187915865970167840378583,,Down,buy,15,0.15
2025-12-25T10:29:56.301093+00:00,0xce5456178963be283911eba13823132b9d3043bd60304401baa74f20584b3c43,58832710481546563506323626681641732775186485071838633734926743677444610757653,,Down,buy,26,0.19
2025-12-25T10:29:56.301133+00:00,0xb2bad4d82dde127321d8ef1bd5d2a6b1c65eb0d3e117fc78c31754bf78135f1f,2443314185827161071236430348605151521909490189447679187915865970167840378583,,Down,buy,5.8,0.15
2025-12-25T10:29:56.301170+00:00,0x0ea7d5e8840a5cc665ecc80adc4c528f413f183e4b4a71be51147e72949e9fd2,58832710481546563506323626681641732775186485071838633734926743677444610757653,,Down,buy,26,0.19
2025-12-25T10:29:56.301209+00:00,0x107e88941d9ade7d9390be19c3a9f0b7fcff3003d4231c813bbe6afabcc433e2,24393007901046293394370787579385740097177000061476340045121210304631396582654,,Down,buy,5,0.81
2025-12-25T10:29:56.301246+00:00,0xb0e353db97932262655fad16ede7f8bf7c7fb9acfd860f033ffe521521bfe6a1,37318403920966930755756514819536008581249547774582151117796142037966560371360,,Up,buy,27,0.84
2025-12-25T10:29:56.301284+00:00,0x7bc64b261581cfd720079695e26cf5bb658793d9fe7ba76ac3fad89a06caed5c,37318403920966930755756514819536008581249547774582151117796142037966560371360,,Up,buy,27,0.84
2025-12-25T10:29:56.301320+00:00,0x238582aee8a26f8c7ea221e631eb291dffed4e41dacc8c2156881d66ceadfb0a,37318403920966930755756514819536008581249547774582151117796142037966560371360,,Up,buy,27,0.84
2025-12-25T10:29:56.301357+00:00,0x9af29dbc706c56bd54ebd75c92e7a12ba755986dc559c14a0f0f4e34d629047b,37318403920966930755756514819536008581249547774582151117796142037966560371360,,Up,buy,27,0.84
2025-12-25T10:29:56.301394+00:00,0xbee3f1ec81c7fccb2567678b9997d2133a23f2d1533bd83d76f5ccc5acbc78c1,37556160299449797190479746140843594365118594708738586200112360498126213376320,,Up,buy,15,0.87
2025-12-25T10:29:56.301430+00:00,0xaf8304e927c6195a7e5f3030e2939563557acd089993c9923639143a30a69417,37318403920966930755756514819536008581249547774582151117796142037966560371360,,Up,buy,27,0.84
2025-12-25T10:29:56.301471+00:00,0x3a520096e03a679d1ba0b8cbead1fe95181f41606dd3aaa190272ea89bac0101,37318403920966930755756514819536008581249547774582151117796142037966560371360,,Up,buy,27,0.84
2025-12-25T10:29:56.301510+00:00,0xc165c8ef46989cd211d41cce698fe9c0461015868c055815c74d89bae107240e,105107536428124088431201031494034807779329860905945908480241301426120639605040,,Up,buy,22,0.27
2025-12-25T10:29:56.301549+00:00,0x75661d372e01be2caa59fee12d1a48aa6f2eed7c8aee0715e1cd3981b023ab0f,37318403920966930755756514819536008581249547774582151117796142037966560371360,,Up,buy,27,0.84
2025-12-25T10:29:56.301588+00:00,0x704d7cf719b70b3c1707e48f227dfe2fcd3ea322ca4e31916bce17b4ca7f3bce,37318403920966930755756514819536008581249547774582151117796142037966560371360,,Up,buy,7.06,0.83
2025-12-25T10:29:56.301627+00:00,0xb282dec536faf01fb8dd433f7fe567fadb5ba76f747aaa2fb6853f269405e647,37318403920966930755756514819536008581249547774582151117796142037966560371360,,Up,buy,3.34,0.82
2025-12-25T10:29:56.301666+00:00,0xca7bf803acfc8e25acb7da3849dafdd872e4f708a3572e00ae875926f9999385,37318403920966930755756514819536008581249547774582151117796142037966560371360,,Up,buy,27,0.82
2025-12-25T10:29:56.301704+00:00,0x3291eaf734410d9782fc0476811ef48cd0f16855030e8800388fc9e14a02217b,106198240992658653339635073923554723013786850011500336859173556605263086511424,,Down,buy,15,0.74
2025-12-25T10:29:56.301742+00:00,0x4a135fe30a2681e0d23bb626eba1836430294f08e4ff88f5f3a66e7d4ab6a357,58832710481546563506323626681641732775186485071838633734926743677444610757653,,Down,buy,5,0.18
2025-12-25T10:29:56.301780+00:00,0x5df668fa195d89f5674fb68b874d42c6f6ac4d9178ac8550a6734b4b010e4776,58832710481546563506323626681641732775186485071838633734926743677444610757653,,Down,buy,5,0.17
2025-12-25T10:29:56.301818+00:00,0xdc1c90af26ea51983dbb99e7bb53fdac37befbba82fb9906e6bc997293f7a48c,37318403920966930755756514819536008581249547774582151117796142037966560371360,,Up,buy,27,0.82
2025-12-25T10:29:56.301878+00:00,0x2e5fbcc9d586aca5bc4382fb1f16252c5aeb1120b5221678d905bfe9f76b7443,37556160299449797190479746140843594365118594708738586200112360498126213376320,,Up,buy,11.5,0.87
2025-12-25T10:29:56.301919+00:00,0x2c665bcc2258605ca189620ac4796fdf7373d1f6bc2878de39923e45e1af9df1,37556160299449797190479746140843594365118594708738586200112360498126213376320,,Up,buy,10,0.81
2025-12-25T10:29:56.301962+00:00,0xdb38184dc07c6c2e5c4c8b7ef1d9248092d63faf9a379742fb3927ad26ace3a7,37556160299449797190479746140843594365118594708738586200112360498126213376320,,Up,buy,8,0.8
2025-12-25T10:29:56.302001+00:00,0x5c40710263d0626cc723be5f789e4f77837d73697e0ab921c53b289458a94d89,58832710481546563506323626681641732775186485071838633734926743677444610757653,,Down,buy,28,0.2478857142857143
2025-12-25T10:29:56.302041+00:00,0x6db530c55b9e18777e9958768224faf324d44e30d67a03bd03de014de0fa1092,58832710481546563506323626681641732775186485071838633734926743677444610757653,,Down,buy,28,0.24
2025-12-25T10:29:56.302079+00:00,0x5c8f19f3d942fde195ac79fde508ecebaa6c78a1a60e7fce489861c8168af21d,58832710481546563506323626681641732775186485071838633734926743677444610757653,,Down,buy,12.92,0.25
2025-12-25T10:29:56.302118+00:00,0x89d79ecebbdd866622dd2530fe7881dc8d3d043d30e2d8835e0a472b06db88ed,2443314185827161071236430348605151521909490189447679187915865970167840378583,,Down,buy,16,0.21
2025-12-25T10:29:56.302155+00:00,0xf725f057c7f7362880e4b0f06e1acc915cfd5522b17eef9b0b85b94f7e00e221,2443314185827161071236430348605151521909490189447679187915865970167840378583,,Down,buy,16,0.2
2025-12-25T10:29:56.302192+00:00,0x34afc8a636d68359e16ce0057f45d01b4af4f6bc844ee83b5725009eb4493ac4,2443314185827161071236430348605151521909490189447679187915865970167840378583,,Down,buy,16,0.2
2025-12-25T10:29:56.302230+00:00,0x7c0547fd2a85f471dbb73c01c65b90600e73b96f3d340c325b8fb53487a452b6,2443314185827161071236430348605151521909490189447679187915865970167840378583,,Down,buy,16,0.21
2025-12-25T10:29:56.302268+00:00,0x38b2ab6e074b0f72cfa95899c019d472bbc58801f2d513993cb2c27d3707770c,2443314185827161071236430348605151521909490189447679187915865970167840378583,,Down,buy,16,0.2
2025-12-25T10:29:56.302305+00:00,0xeea1856a034d31f1a0a8baa6d33a92d19e8660ea93a170293d8822ad5bfd5285,2443314185827161071236430348605151521909490189447679187915865970167840378583,,Down,buy,16,0.21
2025-12-25T10:29:56.302342+00:00,0x692343a47acfffde1f19e164905b009d601c410586cdf44a596939d0cbfc313b,2443314185827161071236430348605151521909490189447679187915865970167840378583,,Down,buy,16,0.21
2025-12-25T10:29:56.302379+00:00,0x45b65a1834602fddcedc22c8214bf1bb37c23ba9598db5d8ad4e4661a905e667,24393007901046293394370787579385740097177000061476340045121210304631396582654,,Down,buy,10,0.81
2025-12-25T10:29:56.302417+00:00,0x2dbe0535f1cbd06810c61212f7eb19dd629b91908d5c1b4822ce084acbe013fe,58832710481546563506323626681641732775186485071838633734926743677444610757653,,Down,buy,5,0.26
2025-12-25T10:29:56.302467+00:00,0x56b5a5302c2259f47a2782a953734db0dee4c664029cc888bed6addeb21c21dc,37318403920966930755756514819536008581249547774582151117796142037966560371360,,Up,buy,28,0.73
2025-12-25T10:29:56.302505+00:00,0xdc8328a4d1c39a6f9cdda35f1277a65e29231fdc30470d66ee5dea045b3fd2a9,37318403920966930755756514819536008581249547774582151117796142037966560371360,,Up,buy,28,0.74
2025-12-25T10:29:56.302543+00:00,0xd602ede07597419c141f96829463e112aa53a9b6986c7dc3d048bb529895453d,37318403920966930755756514819536008581249547774582151117796142037966560371360,,Up,buy,28,0.74
2025-12-25T10:31:17.584894+00:00,0x0e2a7fb515e9ab4c2807f50eb4567826cad8c045dce51cbee98b1b826e1d2a0d,24393007901046293394370787579385740097177000061476340045121210304631396582654,,Down,buy,5,0.89
2025-12-25T10:31:17.604338+00:00,0x2f8ebabc6041af9879dba40e115b719740c09a850e10d2eb5840eab6ac994a86,91272322704237856545228168302916473806921203936950878059023308769744801091733,,Up,buy,6,0.11
2025-12-25T10:31:17.619833+00:00,0xd859af00cdbacf1e51cdceafc3eb0a2391760223c61848910dda6b96c7c4ee66,51790309246486235800250262714375986460522256044516102049670196752596308045041,,Up,buy,16,0.54
2025-12-25T10:31:17.620477+00:00,0x672512f075b23fd3d29e753a9f57f9b55351769a59c4dd08722bf022d41e3719,51790309246486235800250262714375986460522256044516102049670196752596308045041,,Up,buy,16,0.54
2025-12-25T10:31:17.722462+00:00,0x9b4e93e4aeb7d41bd81fa3884f2613c32e11a243e10e6e8f8ce649e2e2036c08,64230296599473345897321516758796506505613477741375212491998539737133328017836,,Down,buy,16,0.47
2025-12-25T10:31:17.723097+00:00,0x946b7e49d868bb97b5e7c71f2324a675639712876e2bfcfefb1d79102462177e,64230296599473345897321516758796506505613477741375212491998539737133328017836,,Down,buy,16,0.47
2025-12-25T10:31:17.723713+00:00,0x6c4bf6b3ad849d3568bddcfa1e0ab96a7f2f54576409708db638e3b4988de237,64230296599473345897321516758796506505613477741375212491998539737133328017836,,Down,buy,16,0.47
2025-12-25T10:31:17.724301+00:00,0x696cee0fd5456ba089087095ea60399466098a289a347a505370b41a8dbfd5fd,64230296599473345897321516758796506505613477741375212491998539737133328017836,,Down,buy,15.93,0.47
2025-12-25T10:31:17.724867+00:00,0x8b420123f6ad9209b08e98d9a54428306b386facf1219d70d94397ba806171e8,64230296599473345897321516758796506505613477741375212491998539737133328017836,,Down,buy,16,0.47
2025-12-25T10:31:17.725801+00:00,0x0cc0f95851a660d852077b8774e06e130d643c59c6400bbf773e6faaf3cddf6b,64230296599473345897321516758796506505613477741375212491998539737133328017836,,Down,buy,16,0.47
2025-12-25T10:31:17.816083+00:00,0x6b741d98ceca9a0b1afb5f872e6474474ddaefd1c819c7515e625ad2f141092c,98169039919474507672158854787108871780314866108629648936499346660738852351729,,Up,buy,3,0.47
2025-12-25T10:31:17.819369+00:00,0xd845ff020e2e8e5933a0e5eb71cff7ac0e2b7ecbc060fbb34e8e1063359f5160,98169039919474507672158854787108871780314866108629648936499346660738852351729,,Up,buy,28,0.41
2025-12-25T10:31:17.819979+00:00,0x744a9e97119a856899142d39ea22180b8e30d94276e9d70be27af5598fa107d4,98169039919474507672158854787108871780314866108629648936499346660738852351729,,Up,buy,28,0.41
2025-12-25T10:31:17.820649+00:00,0x60f006d9c7e2ff23241c02688fd795f643460b9c18d790cf0c24f1a0b2420523,98169039919474507672158854787108871780314866108629648936499346660738852351729,,Up,buy,28,0.41
2025-12-25T10:31:17.821251+00:00,0x458f0a3ce10769f5e6379ab03790481e8d63229dcb443e9ef698b1c35f301fac,98169039919474507672158854787108871780314866108629648936499346660738852351729,,Up,buy,28,0.3544607142857143
2025-12-25T10:31:17.821928+00:00,0xe723ed1240ba7088f80b92ef240a8e260603c3820bdd0fca0b09b98658be7393,98169039919474507672158854787108871780314866108629648936499346660738852351729,,Up,buy,28,0.36
2025-12-25T10:31:17.822534+00:00,0x86ae0bd4b4b20338a0aaef793db2ecc8bd0fcacbd71d47f7fd0088cbdf8d1e8f,98169039919474507672158854787108871780314866108629648936499346660738852351729,,Up,buy,28,0.34
2025-12-25T10:31:17.919034+00:00,0x350b5086eb3f31c7563153ce4a08dae3c59bb3ef22143dc725cd3e8f0e116e2e,105107536428124088431201031494034807779329860905945908480241301426120639605040,,Up,buy,21,0.14
2025-12-25T10:31:17.919640+00:00,0x77464c0071e01c38a689b5e326de2bacfaaaaba9eee3c5731bb7edabbd6be24d,105107536428124088431201031494034807779329860905945908480241301426120639605040,,Up,buy,21,0.14
2025-12-25T10:31:17.920234+00:00,0x0dfad14210ef53d40af82acf9057bb4d88ee290987d59ed9f853ce32f0c361b1,105107536428124088431201031494034807779329860905945908480241301426120639605040,,Up,buy,21,0.14
2025-12-25T10:31:17.934610+00:00,0xbb68df87902d9b3312f7df902223ec40a51d2d98acc724b13e2300191681eb0b,74014920028604982452923746393020367574844771044308927065070144023093045024001,,Down,buy,28,0.6
2025-12-25T11:27:06.348069+00:00,0xfa7928eb413b61722c2b55fdd20c99b1a1d469b09620a58b1e64a60773f643ff,23974659210315149065399412313743368286474198277707889625018186442613487067710,,Down,buy,14,0.14
2025-12-25T11:27:06.348177+00:00,0x31aa0e0161b8010821863189030b03845f07a3298d50f38b8b68d48aff5c28ac,23974659210315149065399412313743368286474198277707889625018186442613487067710,,Down,buy,13,0.14
2025-12-25T11:27:06.348239+00:00,0x05d5f572a9493e279e87f5c0847ecf66c8c3cab4f97c7697432ea8347a066852,23974659210315149065399412313743368286474198277707889625018186442613487067710,,Down,buy,13,0.14
2025-12-25T11:27:06.348290+00:00,0x10e8b99aaf604c2502cf2f43e21a4698da687781260486343b4590a0480e57be,23974659210315149065399412313743368286474198277707889625018186442613487067710,,Down,buy,14,0.14
2025-12-25T11:27:06.348339+00:00,0x65657533e1b49c7c2276288374ff4b9114f82eba3eefbf6a859454792c4d0f72,23974659210315149065399412313743368286474198277707889625018186442613487067710,,Down,buy,14,0.14
2025-12-25T11:27:06.348380+00:00,0xb4d37c75769c8a201a1efc3a714214a868ed4495520cc074ff7167e2569bf47e,59109219723021109532677542028587764427932804792237212075750717331396104786451,,Up,buy,11.92,0.85
2025-12-25T11:27:06.348421+00:00,0x0c721a08258dbac30ef6781991e8150ce8a381ecebb7007dc3e024743c021216,59109219723021109532677542028587764427932804792237212075750717331396104786451,,Up,buy,14,0.85
2025-12-25T11:27:06.348470+00:00,0xe50e66aba0c9befe52ba8e88bcd8b9d41be164e96813a0f92dd522aedfd6a063,59109219723021109532677542028587764427932804792237212075750717331396104786451,,Up,buy,14,0.85
2025-12-25T11:27:06.348517+00:00,0x10c65a019fb42b702fc106b2b2d88948c563c5fa17bf5c2ecfeaea5432e549dd,59109219723021109532677542028587764427932804792237212075750717331396104786451,,Up,buy,14,0.85
2025-12-25T11:27:06.348561+00:00,0x5d740a1bcf72f067cc9179df96090a1bef2f22bb00f5460f0fa725cedcea9d50,59109219723021109532677542028587764427932804792237212075750717331396104786451,,Up,buy,14,0.85
2025-12-25T11:27:06.348601+00:00,0x899ec987700d45679d3eb81ba0c916a4fab8fdb177dab81070902fc705b16b43,59109219723021109532677542028587764427932804792237212075750717331396104786451,,Up,buy,14,0.85
2025-12-25T11:27:06.348640+00:00,0x12398c615a8f3e402fe46f65365d20b3ad55668e21619f8d0ce963c0bdda6171,23974659210315149065399412313743368286474198277707889625018186442613487067710,,Down,buy,14,0.21
2025-12-25T11:27:06.348678+00:00,0xcd6f3e64ab3e7495235c3732e4eed6c517be700f56ae3542c460599124b438c4,86826370557578477650029102126750283999704738433009266771489926590147858813599,,Up,buy,24,0.16
2025-12-25T11:27:06.348716+00:00,0xda8d0a07c732d2b7d653924e8b2dd7730fc02283993f82baae22b0892f61a242,59109219723021109532677542028587764427932804792237212075750717331396104786451,,Up,buy,14,0.73
2025-12-25T11:27:06.348752+00:00,0x8220edf946b428604247a098ca080e89ab9960881c19e63a68abda10a53c53fc,59109219723021109532677542028587764427932804792237212075750717331396104786451,,Up,buy,14,0.73
2025-12-25T11:27:06.348790+00:00,0x334bd3b8a5ffa2a9f96feb47bce0d56517933843efc2b0f129b13a640faceb23,5689724447375317112090378062545875053019577510300296270894191732167774780422,,Down,buy,15.79,0.8068334388853705
2025-12-25T11:27:06.348828+00:00,0x74cff4f90c66f837ac2f1306f3851110fc8486f376ee41b0e321a06c5fa01da3,59109219723021109532677542028587764427932804792237212075750717331396104786451,,Up,buy,14,0.73
2025-12-25T11:27:06.348864+00:00,0x923127fd181d2fa938487ccbf3103ab6a7b778d33d67e3cc778eadebc7e3943b,59109219723021109532677542028587764427932804792237212075750717331396104786451,,Up,buy,14,0.74
2025-12-25T11:27:06.348901+00:00,0x6c36ab1b6ccffcd802d40e88c00ed6f0780f8040215deaf4263c775bd0c180a4,59109219723021109532677542028587764427932804792237212075750717331396104786451,,Up,buy,14,0.74
2025-12-25T11:27:06.348937+00:00,0x26b12cfc89a9ca4ca9c51d522736aaa9586bd4f63a08e075da71f4b801a134aa,5689724447375317112090378062545875053019577510300296270894191732167774780422,,Down,buy,25,0.82
2025-12-25T11:27:06.348974+00:00,0x7b24e915f774f73c90bf6fe6bac5a40a8a55537c58e29e0dbf9d81b3b3356810,23974659210315149065399412313743368286474198277707889625018186442613487067710,,Down,buy,14,0.28
2025-12-25T11:27:06.349010+00:00,0x5efd0598e7426659bfa360614324612992c74405c34212a83b60e836c55f6d34,59109219723021109532677542028587764427932804792237212075750717331396104786451,,Up,buy,14,0.73
2025-12-25T11:27:06.349045+00:00,0x96575d33a9e368550505458f5baebd68e9dfbb1262e2c945ae41b9d400f49873,59109219723021109532677542028587764427932804792237212075750717331396104786451,,Up,buy,14,0.73
2025-12-25T11:27:06.349081+00:00,0xe7c2cff5aa743eadb0e530869b3b33efdfa03d8212ea7aab8cd818dbd958ca80,23974659210315149065399412313743368286474198277707889625018186442613487067710,,Down,buy,14,0.29
2025-12-25T11:27:06.349116+00:00,0xb896b2ee04287baf55ef2ee00c4311db7a17aa8c49329f5a68370bbaab1d5c83,86826370557578477650029102126750283999704738433009266771489926590147858813599,,Up,buy,25,0.15
2025-12-25T11:27:06.349156+00:00,0x705efe490ee8d7030a2114101c18d1f78d1054b285219e0ec3b893c6338c21cc,86826370557578477650029102126750283999704738433009266771489926590147858813599,,Up,buy,25,0.164
2025-12-25T11:27:06.349191+00:00,0xbc6824de0214451bf80617155fe89f83e789ad7f4bb5bd8ec95fc167de752a64,86826370557578477650029102126750283999704738433009266771489926590147858813599,,Up,buy,25,0.18
2025-12-25T11:27:06.349226+00:00,0x83587e16dacd6d77f19686906cdd9677608c2c249d16978a022db5a01da90f17,86826370557578477650029102126750283999704738433009266771489926590147858813599,,Up,buy,25,0.18
2025-12-25T11:27:06.349261+00:00,0x8971d91d848b12124d4f3ef05c503eb17650da8391d36edb835c566f55ae8c37,5689724447375317112090378062545875053019577510300296270894191732167774780422,,Down,buy,25,0.69
2025-12-25T11:27:06.349296+00:00,0x39d392644c9fcfe60beed36ba05f344daee60ec1a373e560d7e25c302a95c45f,5689724447375317112090378062545875053019577510300296270894191732167774780422,,Down,buy,25,0.69
2025-12-25T11:27:06.349331+00:00,0x9520ac6ea8f72ab853554dbd33244935be355d0f3c9f3a530a09c73820ab841c,23974659210315149065399412313743368286474198277707889625018186442613487067710,,Down,buy,14,0.32
2025-12-25T11:27:06.349366+00:00,0x9047ecb0b0739518c446340342d1d87c26d4c68c80f2968590a4c462c8cd0e15,5689724447375317112090378062545875053019577510300296270894191732167774780422,,Down,buy,25,0.69
2025-12-25T11:27:06.349402+00:00,0x7de4e9185951eadf6cbfdf0f5a0e67f32977f5de1df6d08a74996bedfb38e3be,5689724447375317112090378062545875053019577510300296270894191732167774780422,,Down,buy,23.69,0.68
2025-12-25T11:27:06.349439+00:00,0x2bf3f3a5521de21d58a7811b49ad430da1f805179bedf3767cc39053c8c1c702,5689724447375317112090378062545875053019577510300296270894191732167774780422,,Down,buy,25,0.69
2025-12-25T11:27:06.349475+00:00,0x0c963f456df1b1219044d67de79114f6e6f2c40490fad8b3101631c2cd80ae99,5689724447375317112090378062545875053019577510300296270894191732167774780422,,Down,buy,25,0.68
2025-12-25T11:27:06.349511+00:00,0x5e507ec85a39ccc77145b9d0d085012b3f00fbdec52ca2a6dcdf05230d7773d0,23974659210315149065399412313743368286474198277707889625018186442613487067710,,Down,buy,14,0.33
2025-12-25T11:27:06.349547+00:00,0xa618daf8e1c0c086848f30e4a08a4493326d1f42003887633abf8a96b700dc26,23974659210315149065399412313743368286474198277707889625018186442613487067710,,Down,buy,14,0.33
2025-12-25T11:27:06.349583+00:00,0x7aa9ffafc19887fc8b383ceb5aa030a93deddca5952f52596a3ba6ebb6fcb2aa,23974659210315149065399412313743368286474198277707889625018186442613487067710,,Down,buy,14,0.32
2025-12-25T11:27:06.349619+00:00,0x6445cd81c3942f41fcdb9429276f8a089c8507c0f8243ebb36ee743947472909,23974659210315149065399412313743368286474198277707889625018186442613487067710,,Down,buy,10,0.32
2025-12-25T11:27:06.349654+00:00,0x929be512b6401a38e3382f77389f41070962e38d6804f1cb04e093ba3b463a34,23974659210315149065399412313743368286474198277707889625018186442613487067710,,Down,buy,14,0.32
2025-12-25T11:27:06.349690+00:00,0xfd9f09211376091e3c79cf1918dedca640f269ec64fedfb23bcb62784bddd7f3,23974659210315149065399412313743368286474198277707889625018186442613487067710,,Down,buy,14,0.32
2025-12-25T11:27:06.349725+00:00,0x64bdca544d426c356a4420fb4668d06dee029f9b4316fedbaf4f46a2986dd201,23974659210315149065399412313743368286474198277707889625018186442613487067710,,Down,buy,14,0.32
2025-12-25T11:27:06.349761+00:00,0xc49d4c0dceccc050d5855bcf2332f611ce5ed58f7e7c1730f0259a146afe64fc,23974659210315149065399412313743368286474198277707889625018186442613487067710,,Down,buy,14,0.32912857142857144
2025-12-25T11:27:06.349910+00:00,0x4abfc15950cac74bd7b7e1e633dfeed1030187fc9bd8fef558dc099a66cb10b4,59109219723021109532677542028587764427932804792237212075750717331396104786451,,Up,buy,15,0.7
2025-12-25T11:27:06.349970+00:00,0x1de184a8a1badc1dcf8a003d6431b7aabd5189f3f4bd71e81895665136aff07d,86826370557578477650029102126750283999704738433009266771489926590147858813599,,Up,buy,25,0.34
2025-12-25T11:27:06.350017+00:00,0x62050f169cd57ebd9f62b6a5b9b51699b881c7e60410bceea73ea9ea07414bd9,86826370557578477650029102126750283999704738433009266771489926590147858813599,,Up,buy,25,0.34
2025-12-25T11:27:06.350064+00:00,0x45def1cad032c5a5cd80ce6e21a349db028ffc9f30aca0e95855c50a5cee0198,59109219723021109532677542028587764427932804792237212075750717331396104786451,,Up,buy,15,0.7
2025-12-25T11:27:06.350106+00:00,0x0050cc4496f45e8dd1d4c720b6d37c7b8c47b5d99c5000b7b1a4192f68e7297b,53303972808281491588335955635163065038380957271412886144352611601380878764420,,Up,buy,22,0.72
2025-12-25T11:27:06.350146+00:00,0xabbacc0634b1e8b0e1786c18a81e51fc3589641586387a9337abd8b22f466854,53303972808281491588335955635163065038380957271412886144352611601380878764420,,Up,buy,22,0.72
2025-12-25T11:27:06.350185+00:00,0x63233604f14dbe9d2aea23808e9ca338fca703fe43bb3738625013f4c7154dfb,5689724447375317112090378062545875053019577510300296270894191732167774780422,,Down,buy,25,0.69
2025-12-25T11:27:06.350225+00:00,0x510800395e787e72c939ba69cd4945b32b3fe9385a7049ccb1262b59b74d421c,59109219723021109532677542028587764427932804792237212075750717331396104786451,,Up,buy,15,0.67
2025-12-25T11:27:06.350263+00:00,0x4048d7f888f31e010ccbc3061b68cbf4d02cbdc9fe6c909130e32e766d02f102,23974659210315149065399412313743368286474198277707889625018186442613487067710,,Down,buy,15,0.34
2025-12-25T11:27:06.350300+00:00,0x969ee3e64c89192b20da3654a17649cd11f0fc3ffb2584f0bee408eb945ddf74,5689724447375317112090378062545875053019577510300296270894191732167774780422,,Down,buy,5,0.48
2025-12-25T11:27:06.350336+00:00,0x07c2fcf5aefea45aed17b6c5db88d9694e18b24a9cc829b9dfd6d9b4d030fe1a,18141889360260614943245622536513341961454856000904300763738076825684347551115,,Up,buy,11.2,0.81
2025-12-25T11:27:06.350373+00:00,0x52dda12a0f90d379f1ca3af334fa28194707eea31a9b7b8465f8e91625eb3330,297155078026326179807626690576866861112795764232786092955020350619329755453,,Down,buy,22,0.25
2025-12-25T11:27:06.350411+00:00,0xe62d4fb4c101b37cdfe1bbe9aab0908ab70c215c64f175225a17763c8a084027,297155078026326179807626690576866861112795764232786092955020350619329755453,,Down,buy,22,0.25
2025-12-25T11:27:06.350446+00:00,0xf57e5308ae58e07231b288c81be94cef2d025d1014f80525ec145da8eff36cf3,297155078026326179807626690576866861112795764232786092955020350619329755453,,Down,buy,22,0.25
2025-12-25T11:27:06.350483+00:00,0x16159c2958e0fca94281a1b1cdc5418c404da529830df22135b9b61e78618149,297155078026326179807626690576866861112795764232786092955020350619329755453,,Down,buy,22,0.25
2025-12-25T11:27:06.350519+00:00,0x24e323158e8d2987864048c520d145f17f8bab2809330642bc68a16d05579b2d,297155078026326179807626690576866861112795764232786092955020350619329755453,,Down,buy,22,0.25
2025-12-25T11:27:06.350555+00:00,0x9bc55a754623c2ac2b97ec87f5304acda55785fa7ffa3c614dd6d7a042851980,297155078026326179807626690576866861112795764232786092955020350619329755453,,Down,buy,22,0.25
2025-12-25T11:27:06.350591+00:00,0x4559372cad3ba3912a35eb140dc2b85f26605c197984213a2590dc9b287fbd01,86826370557578477650029102126750283999704738433009266771489926590147858813599,,Up,buy,5,0.51
2025-12-25T11:27:06.350626+00:00,0x035cdf33cfa1633866751f219c4bd5107ddbe4462afe4b48c432033883c3a341,5689724447375317112090378062545875053019577510300296270894191732167774780422,,Down,buy,27,0.47
2025-12-25T11:27:06.350662+00:00,0x9c8bb1e833f4d5a146e7d50d1b0aa499fd3812f63fc0ce663c9c9d2e6c760d00,5689724447375317112090378062545875053019577510300296270894191732167774780422,,Down,buy,27,0.47
2025-12-25T11:27:06.350699+00:00,0xa429181afa5a2faf478443734f62c8a6d1359e5785b31c920952a64b3def32ec,297155078026326179807626690576866861112795764232786092955020350619329755453,,Down,buy,22,0.25
2025-12-25T11:27:06.350735+00:00,0xf0b1ef7b034cfa4943eafd554dbbb5a8ae146487111d95160687592a96bf56e6,297155078026326179807626690576866861112795764232786092955020350619329755453,,Down,buy,22,0.25
2025-12-25T11:27:06.350771+00:00,0x5d4a734d658b8b8b9e0f9be8f2bcb50c7c00e82187d24097aa25ee5497f30206,297155078026326179807626690576866861112795764232786092955020350619329755453,,Down,buy,22,0.25
2025-12-25T11:27:06.350807+00:00,0x8f6590923c820c5720ca472e99254cdeb4860ad830080f2dc8212f01fe81ca07,297155078026326179807626690576866861112795764232786092955020350619329755453,,Down,buy,22,0.25
2025-12-25T11:27:06.350846+00:00,0xf5da9644d66695b8b008a215fe9b80fc91835c6ee278e316a913d4ff43f271e9,297155078026326179807626690576866861112795764232786092955020350619329755453,,Down,buy,22,0.25
2025-12-25T11:27:06.350880+00:00,0x46bf698acb493ab32482ad4b242b8c2de1dafa0b177843c33e83d33202e0106e,297155078026326179807626690576866861112795764232786092955020350619329755453,,Down,buy,22,0.25
2025-12-25T11:27:06.350916+00:00,0x242982747522b30cb2f156c6fa11ae5988c3c9e6af5ab88483fe18a0d45b3195,5689724447375317112090378062545875053019577510300296270894191732167774780422,,Down,buy,27,0.45
2025-12-25T11:27:06.350951+00:00,0xb106511ebbdbf5a5c79ea2fd4280943c7434eda2e09c4f3245b886396ecc9f74,5689724447375317112090378062545875053019577510300296270894191732167774780422,,Down,buy,27,0.44
2025-12-25T11:27:06.350986+00:00,0x0fab7141fe6dfd5cc11aebb2cc50ff9b676751a772b86bce04a6366ce02c0465,297155078026326179807626690576866861112795764232786092955020350619329755453,,Down,buy,22,0.25
2025-12-25T11:27:06.351021+00:00,0x8b2903e0eb8cb4304c503873b6aef1924eec5fb7777f0490b6457bdbaa3f1cc9,5689724447375317112090378062545875053019577510300296270894191732167774780422,,Down,buy,10,0.44
2025-12-25T11:27:06.351056+00:00,0x8e02b371a1a9027a2df8cce20f47b7150fd8ed855c18c7cc4ae489ecabfa741c,5689724447375317112090378062545875053019577510300296270894191732167774780422,,Down,buy,27,0.45
2025-12-25T11:27:06.351091+00:00,0x7f42fe04d6fc761ae7aedc1a03ceeeafff47fd3a7e5d52d2a30242f25cf12bf0,23974659210315149065399412313743368286474198277707889625018186442613487067710,,Down,buy,16,0.28171875
2025-12-25T11:27:06.351127+00:00,0x809a25625d64e58983a223fae5fc211f6345a513d13018a4225a8ca8652b9ef4,86826370557578477650029102126750283999704738433009266771489926590147858813599,,Up,buy,27,0.56
2025-12-25T11:27:06.351162+00:00,0xce5883fb6087e51374500c6f58ceb97be7f421da1ef43bc093d6c96dd86b33c2,86826370557578477650029102126750283999704738433009266771489926590147858813599,,Up,buy,27,0.56
2025-12-25T11:27:06.351197+00:00,0xe3675e0649885eb481a596bfcd5048e4cc8062b85467c8ef31dd46d4200b2935,5689724447375317112090378062545875053019577510300296270894191732167774780422,,Down,buy,27,0.48
2025-12-25T11:27:06.351233+00:00,0x066db285060921086fcc9ff64c2eccfe35c5c99878fdb441cb3c18b4d37e1513,59109219723021109532677542028587764427932804792237212075750717331396104786451,,Up,buy,16,0.68
2025-12-25T11:27:06.351269+00:00,0xe5223301d27f6917834843808949abe0eb8c25f1c4a38b68e32b4d09e76cb1ea,59109219723021109532677542028587764427932804792237212075750717331396104786451,,Up,buy,16,0.68
2025-12-25T11:27:06.351304+00:00,0x7c30697175b9438a8449555086eb3d8d152bf43c8d8b0064dd811813300a0cd7,59109219723021109532677542028587764427932804792237212075750717331396104786451,,Up,buy,16,0.68
2025-12-25T11:27:06.351340+00:00,0xd14223c52cc0df6faedcb7ed2e4095bc5e4755cb4a9290f56b0681d1448f8d27,23974659210315149065399412313743368286474198277707889625018186442613487067710,,Down,buy,16,0.34
2025-12-25T11:27:06.351376+00:00,0x36cab8bd98779a6ad3c6224505101f3629321eebf4244719dd697aa08bf54250,23974659210315149065399412313743368286474198277707889625018186442613487067710,,Down,buy,8,0.33
2025-12-25T11:27:06.351411+00:00,0x8c5f91bdb1195c9e9c34ca45a8b68436fede34eeb0ab4bdd50eec49d17739ae8,23974659210315149065399412313743368286474198277707889625018186442613487067710,,Down,buy,16,0.34
2025-12-25T11:27:06.351448+00:00,0x74d6a44fbf6486aab27049de986df4f0feb2c3efbcac91a48cc7c65094897fb5,23974659210315149065399412313743368286474198277707889625018186442613487067710,,Down,buy,16,0.345
2025-12-25T11:27:06.351484+00:00,0x923fd313fb7e0ca0a00c2d331b9e3003ce0d535d6d8b2f32e790e4988d0847a8,59109219723021109532677542028587764427932804792237212075750717331396104786451,,Up,buy,16,0.67
2025-12-25T11:27:06.351520+00:00,0x130625acf4db25a504492f67b52d8c7adacf79da98464490c56e1747aee68d21,59109219723021109532677542028587764427932804792237212075750717331396104786451,,Up,buy,16,0.67
2025-12-25T11:27:06.351555+00:00,0x3e24e6553de5925402da85e5a721f29fff992909ef36a97905a1f13aa0a37f61,53303972808281491588335955635163065038380957271412886144352611601380878764420,,Up,buy,22,0.74
2025-12-25T11:27:06.351593+00:00,0x560a5a4ba6037f16b411f5aa6316d65c6ae84f601e7614ea29bd174d4dad8046,53303972808281491588335955635163065038380957271412886144352611601380878764420,,Up,buy,22,0.74
2025-12-25T11:27:06.351627+00:00,0x548a9151fc9c5dd11eb4c76e32d2aec125f4ba477ba09cd5fbcc862955b68953,86826370557578477650029102126750283999704738433009266771489926590147858813599,,Up,buy,28,0.38
2025-12-25T11:27:06.351663+00:00,0x28ebefcd49ea96bf936c4e16b63025a20917c519c6e84261386ef138ce69d364,86826370557578477650029102126750283999704738433009266771489926590147858813599,,Up,buy,28,0.36
2025-12-25T11:27:06.351698+00:00,0x4dc9f4a535f2b3baa5a12c683ddfab1110feade1b0b1819c62aec314413a67ab,53303972808281491588335955635163065038380957271412886144352611601380878764420,,Up,buy,22,0.74
2025-12-25T11:27:06.351733+00:00,0x407000d83193d4cefe33ac305c1cb355493609d4df5f847e7b10f696bbf93fac,59109219723021109532677542028587764427932804792237212075750717331396104786451,,Up,buy,16,0.55
2025-12-25T11:27:06.351768+00:00,0xbd02e75a431506768c1719549e67f43aa49270208473f5d85ce0e463e34473cd,86826370557578477650029102126750283999704738433009266771489926590147858813599,,Up,buy,28,0.4
2025-12-25T11:27:06.351803+00:00,0xd574235826e4f49bd73156c4e872d7ff8e992d026986b3397daee587e3667362,297155078026326179807626690576866861112795764232786092955020350619329755453,,Down,buy,22,0.24
2025-12-25T11:27:06.351840+00:00,0xc2c884dae324a14c73717a16e002d9f029bf33ddcf105d658a5a203f58c4517b,23974659210315149065399412313743368286474198277707889625018186442613487067710,,Down,buy,16,0.42
