recorded_at,tx_hash,asset_id,market,outcome,side,size,price
2025-12-24T12:23:56.620226+00:00,0x1d1f5f521d139b2295d122ae8d28f57b521ce5a7d52c835425bf49ce97cc7fda,15264098594298204662743894498549429398972227456882776472146102907480620082635,,Down,buy,4,0.37
2025-12-24T12:23:56.620370+00:00,0x0b18f19420c2b5713beaaa3d02392db24c39a446a24aabd5e56fea7fed09b298,68593910774647247551325022669169769487560690760452966875024070482793080872705,,Up,buy,14,0.68
2025-12-24T12:23:56.620431+00:00,0x076ceed3bb7855587036909fb3ef797dda7e80990a73563e7c0bb1385b4a7277,68593910774647247551325022669169769487560690760452966875024070482793080872705,,Up,buy,16,0.69
2025-12-24T12:23:56.620476+00:00,0x28fe92faef10c054de8431cb131cef995fd95ebc6b1f03d3629ecf3a8c3f5a41,15264098594298204662743894498549429398972227456882776472146102907480620082635,,Down,buy,23,0.37
2025-12-24T12:23:56.620518+00:00,0xcbe9cf00b3407258548134c8a23f6d4008d776bec39570d0a4d909170c14b052,68593910774647247551325022669169769487560690760452966875024070482793080872705,,Up,buy,16,0.69
2025-12-24T12:23:56.620557+00:00,0x281e1586f9ce5ea6c208726c5944bb7781f82664768b06db5defd69cf638c9a1,68593910774647247551325022669169769487560690760452966875024070482793080872705,,Up,buy,16,0.69
2025-12-24T12:23:56.620594+00:00,0x593a1369ed569b2ce7d27e2804a262659a49ed4d799a8117a25a4678fd28ea54,68593910774647247551325022669169769487560690760452966875024070482793080872705,,Up,buy,16,0.69
2025-12-24T12:23:56.620638+00:00,0x8c7dd32031dffbce629ef6f19ebf60b3ad7cec57463b40eb4b8d04ffaf478108,68593910774647247551325022669169769487560690760452966875024070482793080872705,,Up,buy,8,0.67
2025-12-24T12:23:56.620684+00:00,0xdf69081af4c264b46fa7eb07d3ac4447b047b04276c91b9278e4578ce3f5e65b,107780432996518173984213239564121895485584337050532103584095842760170219746023,,Up,buy,10,0.6
2025-12-24T12:23:56.620723+00:00,0xb3024e0795b06abfdaf72a40eb8c2136ccaaa885ef5b6a6ae3d6d116eb407442,107780432996518173984213239564121895485584337050532103584095842760170219746023,,Up,buy,23,0.59
2025-12-24T12:23:56.620761+00:00,0x218102ce4c86e73b509ab11e35ce81cf34b6573511fb8c15e0b9e0a88e28956c,107780432996518173984213239564121895485584337050532103584095842760170219746023,,Up,buy,23,0.59
2025-12-24T12:23:56.620799+00:00,0xf1576efdc6ec5cea8340ad549746a52c30e4f6e01b8e07c288280c6b0d54d7b1,15264098594298204662743894498549429398972227456882776472146102907480620082635,,Down,buy,20.19,0.4
2025-12-24T12:23:56.620837+00:00,0xc56cf717c37011908e06586632fc5d26a10fbf85468c32e28df3abd9c65c5b8f,15264098594298204662743894498549429398972227456882776472146102907480620082635,,Down,buy,23,0.4
2025-12-24T12:23:56.620874+00:00,0x2b52bdd1e9e054b1f6817c9698d2f64b78e92b77c65ea17e8e5ae46b18268f81,15264098594298204662743894498549429398972227456882776472146102907480620082635,,Down,buy,23,0.4
2025-12-24T12:23:56.620909+00:00,0xb50ace0e5d780a46d7acdd2d4c6508c7a8c6fa70334357820bd11b4b5331d562,107780432996518173984213239564121895485584337050532103584095842760170219746023,,Up,buy,15.58,0.61
2025-12-24T12:23:56.620945+00:00,0xb8a8f92f120dab67752793db4df500d7b9df92c3d3a23b443e7266e43e5f5440,107780432996518173984213239564121895485584337050532103584095842760170219746023,,Up,buy,24,0.61
2025-12-24T12:23:56.620979+00:00,0x42dff925f4f3454851d17b6744554afc4dea5eeb0bc24ce18f0e596e64bb2db2,15264098594298204662743894498549429398972227456882776472146102907480620082635,,Down,buy,5,0.45
2025-12-24T12:23:56.621013+00:00,0xd43f51bccb253291df9eaecc30d9cace6943e2874bdb9f6fa7bfc985c2769b64,15264098594298204662743894498549429398972227456882776472146102907480620082635,,Down,buy,20,0.46
2025-12-24T12:23:56.621047+00:00,0x9e435950bf8f0ff0bedba70c6e294bdf544f46c1795d6bd50c8fa2551a8b58ba,11895376756022161229226024883088432774805807641614752819160076612922318434959,,Down,buy,5,0.31
2025-12-24T12:23:56.621084+00:00,0x6cc753c3458c8635c68128ad22394a0111411654725dc5643dddd6eeaff584a2,107780432996518173984213239564121895485584337050532103584095842760170219746023,,Up,buy,24,0.58
2025-12-24T12:23:56.621120+00:00,0x9f6150bc32269f3f2b553300dfc8a9f9f15a3ac51c9b10bb8019543064f1a03c,107780432996518173984213239564121895485584337050532103584095842760170219746023,,Up,buy,24,0.58
2025-12-24T12:23:56.621161+00:00,0x415d20bd9ad94eeb2d7cf3d9cfac65449cb57195758e0a6fe146c0913f686b54,68593910774647247551325022669169769487560690760452966875024070482793080872705,,Up,buy,16,0.62
2025-12-24T12:23:56.621198+00:00,0x1742e8f6909203e1b0b3128cd1fb87a370e1bcd62a9a6a352067733cb9f6bba9,68593910774647247551325022669169769487560690760452966875024070482793080872705,,Up,buy,16,0.62
2025-12-24T12:23:56.621234+00:00,0xef99e3ae7f8354e2cfe55ac78442bd4baef62831311be2c3c806c7bcfc6c5816,107780432996518173984213239564121895485584337050532103584095842760170219746023,,Up,buy,24,0.59
2025-12-24T12:23:56.621268+00:00,0xb93a0797532dab6272a7e652082cb8e8caf55c6e4a4a0a0c35971d090c376554,15264098594298204662743894498549429398972227456882776472146102907480620082635,,Down,buy,24,0.33
2025-12-24T12:23:56.621302+00:00,0x7ca3c4aab95cec4bc787c48e62f3a3964a7ccd3458cb499856e733745c12b399,105055965869254238989083603834691553858059248653021759004551746877418777669360,,Down,buy,5,0.33
2025-12-24T12:23:56.621336+00:00,0x54b8a4fbb8d1922d9620bcb7bd681ccaffe48eb9d1e251d297f1a7fef44efa19,105055965869254238989083603834691553858059248653021759004551746877418777669360,,Down,buy,16,0.33
2025-12-24T12:23:56.621372+00:00,0xa3a8ac5898ad92a4067265efffabd1f4ffc81deb989d7f90eef90619839fd7d3,107780432996518173984213239564121895485584337050532103584095842760170219746023,,Up,buy,24,0.65
2025-12-24T12:23:56.621406+00:00,0x1786858d2f38d2ef676a0088a5a73c063544de1506daf6cfb86b6d983df22c6d,107780432996518173984213239564121895485584337050532103584095842760170219746023,,Up,buy,24,0.65
2025-12-24T12:23:56.621440+00:00,0x18bf823932b6a164df664afe8d1f9abf4b1f2528dab8d48f4cc9fb77341c30f7,107780432996518173984213239564121895485584337050532103584095842760170219746023,,Up,buy,24,0.65
2025-12-24T12:23:56.621475+00:00,0x25802d421c3923c228b5e76b7ee800ad3fcf450a3e199285620afacad8108868,107780432996518173984213239564121895485584337050532103584095842760170219746023,,Up,buy,24,0.65
2025-12-24T12:23:56.621509+00:00,0x5654f4c7711dfe64b53ba587a632ea0b74b6c5c5fd8d85d7fbb4948c668c64ab,107780432996518173984213239564121895485584337050532103584095842760170219746023,,Up,buy,24,0.65
2025-12-24T12:23:56.621543+00:00,0xe78e7f0fcb22176e6e016bf8e815878127cebb9bc41c6025fbbfa2b5650f4cc3,107780432996518173984213239564121895485584337050532103584095842760170219746023,,Up,buy,24,0.65
2025-12-24T12:23:56.621577+00:00,0x1797f26356376d6ab0211aa513386982870e73a6a6777c2f4dd3b24d83cba54e,107780432996518173984213239564121895485584337050532103584095842760170219746023,,Up,buy,24,0.65
2025-12-24T12:23:56.621611+00:00,0xb94d4ff59708d135d3329174011fb1c0b96ac8a166e4e46432771771217f4209,105055965869254238989083603834691553858059248653021759004551746877418777669360,,Down,buy,5.75,0.32
2025-12-24T12:23:56.621646+00:00,0xbeee0dd01bfc973f0455b13b61aa82744eb11c2f7e21ab38ff103b8f6929f51c,105055965869254238989083603834691553858059248653021759004551746877418777669360,,Down,buy,16,0.32
2025-12-24T12:23:56.621681+00:00,0xab52be376a650b0c132178f825b2d36904efc67f9094e10a76ebbaa765e55f25,105055965869254238989083603834691553858059248653021759004551746877418777669360,,Down,buy,16,0.31
2025-12-24T12:23:56.621715+00:00,0x9e4846f0ef2d2c4f949182eeb586921822f6e4c737bf164128ff7aed06d41390,15264098594298204662743894498549429398972227456882776472146102907480620082635,,Down,buy,24,0.35
2025-12-24T12:23:56.621749+00:00,0xca534a490b6f86f6292a744ced5990a314a2e7ab3ce30deb0cc454add4c3e7d6,15264098594298204662743894498549429398972227456882776472146102907480620082635,,Down,buy,6,0.35
2025-12-24T12:23:56.621784+00:00,0x98bcf6dc29818ac5d047f5a05de58a23e94c7331f32a24c9c5f80037633200f2,105055965869254238989083603834691553858059248653021759004551746877418777669360,,Down,buy,16,0.31
2025-12-24T12:23:56.621819+00:00,0x84af71ca0ab34424db225114af21906acab57a854d022b4d6368b3955ec0d816,107780432996518173984213239564121895485584337050532103584095842760170219746023,,Up,buy,24,0.65
2025-12-24T12:23:56.621883+00:00,0x1ace8a1a1391491e809b608286dbe4a311c54fdffdbb9caf5d77cf64c5b1ebc9,107780432996518173984213239564121895485584337050532103584095842760170219746023,,Up,buy,24,0.65
2025-12-24T12:23:56.621925+00:00,0x827a32a97d06b065ccba410253fd5d4a637cdb0b0e7364ae39c93b72ab823552,107780432996518173984213239564121895485584337050532103584095842760170219746023,,Up,buy,24,0.65
2025-12-24T12:23:56.621962+00:00,0x709d3891e558674fd93d9e242bed4471375f36059ec58601ad2ffd8e38e1c513,107780432996518173984213239564121895485584337050532103584095842760170219746023,,Up,buy,24,0.65
2025-12-24T12:23:56.621998+00:00,0x0c02b41f1b6a4bb745eb7817b9e041ba52ade795ed6af049049d6d0b94ae9673,107780432996518173984213239564121895485584337050532103584095842760170219746023,,Up,buy,24,0.65
2025-12-24T12:23:56.622033+00:00,0x984775c93c1fa171d5100dd11248e01f019b25a2db0043ce3935e1267200d956,107780432996518173984213239564121895485584337050532103584095842760170219746023,,Up,buy,24,0.65
2025-12-24T12:23:56.622068+00:00,0x2d1cbe312732bca8f354eb15fd73edb956d4b14e93f36a31aa99154433157ad0,107780432996518173984213239564121895485584337050532103584095842760170219746023,,Up,buy,24,0.63
2025-12-24T12:23:56.622103+00:00,0xf82056117217992c58b81f8320fd2f584c9f136ad4bea1b032763f62548fb5d8,107780432996518173984213239564121895485584337050532103584095842760170219746023,,Up,buy,24,0.63
2025-12-24T12:23:56.622137+00:00,0x3781f1dee2cbb3176dcaae95843c6d5a84b9610ddaeb9c78d8aca662ba19484b,68593910774647247551325022669169769487560690760452966875024070482793080872705,,Up,buy,16,0.69
2025-12-24T12:23:56.622172+00:00,0x5d8a9a266549b5a2893d4df10c5bcd0e2b73709aa12e12e63ad0e2bb0277e10e,107780432996518173984213239564121895485584337050532103584095842760170219746023,,Up,buy,6.09,0.6
2025-12-24T12:23:56.622208+00:00,0xdaf26f91e6ead1be873f93e9f823262722af7a843bf069e226af583b93de3595,68593910774647247551325022669169769487560690760452966875024070482793080872705,,Up,buy,16,0.69
2025-12-24T12:23:56.622243+00:00,0x663757acf86aae2daf868b33124eed78ad8e4d9765b4a20054806d8bf5a8e955,105055965869254238989083603834691553858059248653021759004551746877418777669360,,Down,buy,10,0.35
2025-12-24T12:23:56.622278+00:00,0xf0523040b345703d6b66e124f97db07bac367bb12795480399e7ffed18c7fd9b,15264098594298204662743894498549429398972227456882776472146102907480620082635,,Down,buy,10,0.435
2025-12-24T12:23:56.622312+00:00,0x77ce82552f5587da6c4bc1e1da7db8b30156fb40be28884b2da9926aff50f03d,107780432996518173984213239564121895485584337050532103584095842760170219746023,,Up,buy,24,0.52
2025-12-24T12:23:56.622346+00:00,0x21dee3aff6a865ebcd287ce2ea60f57b16a3c7cdcd188377007e8d0f47ccef0e,107780432996518173984213239564121895485584337050532103584095842760170219746023,,Up,buy,24,0.52
2025-12-24T12:23:56.622380+00:00,0xa1dfa50f6a30a3254c12bd239380c767c46a63188d4f5019dad8d5971ff5f8b5,105055965869254238989083603834691553858059248653021759004551746877418777669360,,Down,buy,16,0.33
2025-12-24T12:23:56.622414+00:00,0xe75b46272d4104eaea427c809a4e9c32dc3d5b91be6af95440fc3cd7cbe7f158,107780432996518173984213239564121895485584337050532103584095842760170219746023,,Up,buy,7,0.52
2025-12-24T12:23:56.622448+00:00,0x3f47e99cb7ea1b2dd48188203fff9d8d311662a3fd391a38d6aa60291921865c,107780432996518173984213239564121895485584337050532103584095842760170219746023,,Up,buy,24,0.52
2025-12-24T12:23:56.622481+00:00,0xff5f30f2d77afed1fce6873a5eb52a2976bca874e47cd10cd983b7ea688ccd88,14091474066913197729641967807307354311001549692738669537454051239915390936153,,Down,buy,14,0.23
2025-12-24T12:23:56.622517+00:00,0xd81f1ab4620f23d1b2d2031c964d0b5d78e6840c5e5379f7df75cd8518d16036,105055965869254238989083603834691553858059248653021759004551746877418777669360,,Down,buy,16,0.33
2025-12-24T12:23:56.622551+00:00,0xab753001e06527a95d7f19a7cba4b88a1ed03cb5f36add063e08cdbbb3503585,105055965869254238989083603834691553858059248653021759004551746877418777669360,,Down,buy,16,0.33
2025-12-24T12:23:56.622585+00:00,0x54d4e14ef60429b2b178ed38c6b2af0b5c69437da18e44285133ba37b3665220,107780432996518173984213239564121895485584337050532103584095842760170219746023,,Up,buy,24,0.52
2025-12-24T12:23:56.622620+00:00,0x99b83dd1707d48370e45f86130a9d707884fc020143bc3b199216cf42606ce52,11895376756022161229226024883088432774805807641614752819160076612922318434959,,Down,buy,15,0.32
2025-12-24T12:23:56.622658+00:00,0x8b9e2b3f2919a6f599ea7dfb6e722fd7402c072318c45084ec34f7824fed25f8,105055965869254238989083603834691553858059248653021759004551746877418777669360,,Down,buy,14,0.49
2025-12-24T12:23:56.622691+00:00,0x455ee416dc7e4e88da21a6deeafd661fc36d16774f3b039b1f90c5ae846468be,15264098594298204662743894498549429398972227456882776472146102907480620082635,,Down,buy,24,0.46
2025-12-24T12:23:56.622727+00:00,0xf54a3b2ab06b41a7646d5f44d00eeaf1cc7c13980f81167d3179137d1eec583a,107780432996518173984213239564121895485584337050532103584095842760170219746023,,Up,buy,24,0.56
2025-12-24T12:23:56.622763+00:00,0xe96eff731b10c8b8a62732787e2b6a49514a1f3bc1251a96e0abbbb0e1087714,107780432996518173984213239564121895485584337050532103584095842760170219746023,,Up,buy,24,0.56
2025-12-24T12:23:56.622798+00:00,0xf2a6b774d85cf3fa23425b2065921b262add2b37f4e8cd4953af5c295cd5cce7,68593910774647247551325022669169769487560690760452966875024070482793080872705,,Up,buy,7,0.52
2025-12-24T12:23:56.622832+00:00,0x3065d1f770fc0c44d8a06e2fb56a154c74cbf18d2f262addca549061d56318ff,15264098594298204662743894498549429398972227456882776472146102907480620082635,,Down,buy,24,0.47
2025-12-24T12:23:56.622867+00:00,0x9ced72ceb45ac8c9b7a10d60e3ec3b4938f7341d4b751702bc0f10e5476c9e21,80928222299220454594974648512219119430444839790582910342810833550417356445135,,Up,buy,14,0.72
2025-12-24T12:23:56.622902+00:00,0x50be8b80edc415829419d45cfcc93826bd04702fd017714f989067d46cc03802,80928222299220454594974648512219119430444839790582910342810833550417356445135,,Up,buy,14,0.72
2025-12-24T12:23:56.622936+00:00,0xc5d2847722d04bf2403c93ba2cbc2bd026f28e075eb1a7e5cb7e935cc6d9adaf,80928222299220454594974648512219119430444839790582910342810833550417356445135,,Up,buy,14,0.72
2025-12-24T12:23:56.622970+00:00,0x77f8fbf13f9e2ff8214babd94c87025e0bea66fc0c468bba22ed0df430b916c6,80928222299220454594974648512219119430444839790582910342810833550417356445135,,Up,buy,14,0.72
2025-12-24T12:23:56.623004+00:00,0x9bcdafca98468ea46c867c11c949127f43ea0d525b7a95f23ae9f41db0c05be5,107780432996518173984213239564121895485584337050532103584095842760170219746023,,Up,buy,3.43,0.49
2025-12-24T12:23:56.623038+00:00,0xe8301e2630798987b10e7beaa8b4c109fce4430bc03d75c4fc7f0b5a7d733f6b,15264098594298204662743894498549429398972227456882776472146102907480620082635,,Down,buy,24,0.48
2025-12-24T12:23:56.623072+00:00,0x922d13f7e24cfab6298a283f95a7d6e8c0fa2c4ad2e9172fe881e6673316f6f5,105055965869254238989083603834691553858059248653021759004551746877418777669360,,Down,buy,3.8,0.52
2025-12-24T12:23:56.623107+00:00,0xeaa184214d4180d6d982924de370b733b917884f679c68bcb6d5027e0c15202a,14091474066913197729641967807307354311001549692738669537454051239915390936153,,Down,buy,14,0.29
2025-12-24T12:23:56.623142+00:00,0x1919ce6ddaf1b4c75bfb7b58e0a8b295dbada4f1d445b8daf9dae95aca500fdf,107780432996518173984213239564121895485584337050532103584095842760170219746023,,Up,buy,24,0.53
2025-12-24T12:23:56.623176+00:00,0x495dd74b72500f222dac5d5e51dafbe3208a821dd32e4d96c357c6db41154c82,107780432996518173984213239564121895485584337050532103584095842760170219746023,,Up,buy,24,0.53
2025-12-24T12:23:56.623211+00:00,0x6affb5159a03d4fc898d2dbbf6c0bc5103d22905efbd40b8df1e255cca3f33c1,105055965869254238989083603834691553858059248653021759004551746877418777669360,,Down,buy,4,0.49
2025-12-24T12:23:56.623244+00:00,0x78901ec5c2b3713c62b49cd92f2f6c2cde999e11955caecf9fbb35282ddab018,105055965869254238989083603834691553858059248653021759004551746877418777669360,,Down,buy,16,0.49
2025-12-24T12:23:56.623278+00:00,0xa3b83fd6b8c0a9a8cadf18a8451bc2970e67ef7fde86492b10d0ad89cb060509,107780432996518173984213239564121895485584337050532103584095842760170219746023,,Up,buy,4.11,0.56
2025-12-24T12:23:56.623312+00:00,0x39221fe367225de8445a41bfab7e611c0f3ed7a4684ac540957c92c8899575eb,14091474066913197729641967807307354311001549692738669537454051239915390936153,,Down,buy,14,0.29
2025-12-24T12:23:56.623346+00:00,0xb2d62019ec169a96a3a49abb46f17989e43893d139a80f6323156bc2ac7aab06,15264098594298204662743894498549429398972227456882776472146102907480620082635,,Down,buy,24,0.45
2025-12-24T12:23:56.623383+00:00,0xe61cd6372563738d1caf252f97111952ba7007d6150447b0b26c6538a4520c3d,15264098594298204662743894498549429398972227456882776472146102907480620082635,,Down,buy,24,0.49
2025-12-24T12:23:56.623416+00:00,0x43650c69cd35e33487244c7f60642a83b2a6ddddd6e4432c753827e0cc4a3d72,15264098594298204662743894498549429398972227456882776472146102907480620082635,,Down,buy,24,0.55
2025-12-24T12:23:56.623450+00:00,0x40cce4541f28cc9063249f2f26de99906a2f9d378c04a2a522da12c61ca53646,11895376756022161229226024883088432774805807641614752819160076612922318434959,,Down,buy,22,0.35
2025-12-24T12:23:56.623484+00:00,0x75282187f10f8588e072f67e5704f1054c2240361eb1ced75eed0b7433459b9d,106340629075896755984877848025226919265534186789796508214125161370479139368731,,Up,buy,22,0.64
2025-12-24T12:23:56.623518+00:00,0x1c2471f22808bf930faab6315582f3bf8b03c0f62ccede9294598fd16e052266,107780432996518173984213239564121895485584337050532103584095842760170219746023,,Up,buy,24,0.38
2025-12-24T12:23:56.623551+00:00,0x9db9bfe87a3c2fb4ddd7db754baf5ac36f1f46a121f04a9555e5b58b0ffcfdb2,106340629075896755984877848025226919265534186789796508214125161370479139368731,,Up,buy,22,0.64
2025-12-24T12:23:56.623585+00:00,0x78f5a2934c48d8715be614f8dc8ca40e1089cc6dd744f5420b9f024470639b64,107780432996518173984213239564121895485584337050532103584095842760170219746023,,Up,buy,24,0.38
2025-12-24T12:23:56.623619+00:00,0x526bbaa0b8078ca6e4f2f0c48bcbd0e9a95e7794e5b161128fccf2ee367a383c,106340629075896755984877848025226919265534186789796508214125161370479139368731,,Up,buy,22,0.64
2025-12-24T12:23:56.623653+00:00,0x636eafec851b59d5cbd6d00bc0e2bc55194a89a45bc59dfaf3ccb9d5491babc2,80928222299220454594974648512219119430444839790582910342810833550417356445135,,Up,buy,14,0.69
2025-12-24T12:23:56.623687+00:00,0x95540af46103262d4308cf843803be60b0e6b1c8bf27146e5b338e12a6921688,68593910774647247551325022669169769487560690760452966875024070482793080872705,,Up,buy,16,0.42
2025-12-24T12:23:56.623721+00:00,0x5a978863cd31b38d635e1077e5ec9bc7008d0e27a6044aebb95d02808e67b00c,68593910774647247551325022669169769487560690760452966875024070482793080872705,,Up,buy,16,0.42
2025-12-24T12:23:56.623755+00:00,0x34cafeee0a27ac59c4bda82abbe4d43e6dba52f94546bf13d93bf08628234b88,68593910774647247551325022669169769487560690760452966875024070482793080872705,,Up,buy,16,0.42
2025-12-24T12:23:56.623789+00:00,0x4c29d6c74d5e9af4d0d13645e4b763764bf8f449f553710dd99328d1f7447fe3,68593910774647247551325022669169769487560690760452966875024070482793080872705,,Up,buy,16,0.42
2025-12-24T12:23:56.623823+00:00,0x9811a3898f8839edcfe521ad39ca0dec66d74aec2f6c7821c1f26c13797b6da5,80928222299220454594974648512219119430444839790582910342810833550417356445135,,Up,buy,14,0.69
2025-12-24T12:23:56.623857+00:00,0x3db78c3edcbb521fae19de664f2084d3cae705da2ec0259015f1ef9945637b9a,11895376756022161229226024883088432774805807641614752819160076612922318434959,,Down,buy,22,0.35
2025-12-24T12:23:56.623891+00:00,0x4427e2bb70dd687f954da01cd1d08a09f3739963e34080b66669eed0bd2c2950,14091474066913197729641967807307354311001549692738669537454051239915390936153,,Down,buy,14,0.31
2025-12-24T12:23:56.623925+00:00,0xe05caddb3f5af39f47eaaf78d9d03afadcaeadc1eaaca1151e22e48ce0103731,11895376756022161229226024883088432774805807641614752819160076612922318434959,,Down,buy,22,0.35
2025-12-24T12:23:56.623958+00:00,0xfacb609d71d5b510fbe5d0667709d7dc10b1cfa2bfc2358537e77b624a588a4f,11895376756022161229226024883088432774805807641614752819160076612922318434959,,Down,buy,22,0.35
2025-12-24T12:23:56.623992+00:00,0xf29b23c2fc5dd6f1a956a004909b834829782ee80bdec02e6ea9a96755e98746,11895376756022161229226024883088432774805807641614752819160076612922318434959,,Down,buy,22,0.35
2025-12-24T12:23:56.624025+00:00,0xd26a8fc891f27b7b1b9ad5df6415d85a9398131aab4d746ff4b98f38c2c8705d,11895376756022161229226024883088432774805807641614752819160076612922318434959,,Down,buy,22,0.35
2025-12-24T12:23:56.624061+00:00,0x31b0189eb8ac00c633478c3566f26ad0cb007e981d4919ce9010fa68de9ce362,11895376756022161229226024883088432774805807641614752819160076612922318434959,,Down,buy,22,0.35
2025-12-24T12:23:56.624095+00:00,0x53dca354b8d582bd0ef519af09c34e99ff8d162c7a7ce704c9a7acb6c19223d1,15264098594298204662743894498549429398972227456882776472146102907480620082635,,Down,buy,24,0.51
2025-12-24T12:23:56.624130+00:00,0x15410030b2b38e251fa968c2504dba9454c7d161d25d4b9490472f14bc0abed4,15264098594298204662743894498549429398972227456882776472146102907480620082635,,Down,buy,24,0.51
2025-12-24T12:23:56.624164+00:00,0xc431682e94b2eaef89e20ad7b2776fa8273876230aaea2cd9d39789825cf958c,15264098594298204662743894498549429398972227456882776472146102907480620082635,,Down,buy,24,0.51
2025-12-24T12:23:56.624198+00:00,0xfbc376e224c6391b7e872b4e4224c218c9689adaafe5ef879f6711423618a75c,15264098594298204662743894498549429398972227456882776472146102907480620082635,,Down,buy,24,0.51
2025-12-24T12:23:56.624232+00:00,0x24ffd5221883208f73327abd471093a0c0a560ab4b9aa60f59f0e00792039197,15264098594298204662743894498549429398972227456882776472146102907480620082635,,Down,buy,24,0.51
2025-12-24T12:23:56.624266+00:00,0x442f7d7461bb87e84841724f1f739892bc99320a6dd9a72478ee2512d113b6bf,15264098594298204662743894498549429398972227456882776472146102907480620082635,,Down,buy,24,0.51
2025-12-24T12:23:56.624300+00:00,0x8313e8d5f3fd97630a444ad320fcf36de35bfbf3db9bf32f558aa800dc35d6c1,15264098594298204662743894498549429398972227456882776472146102907480620082635,,Down,buy,24,0.51
2025-12-24T12:23:56.624334+00:00,0x4c1849ca505dd10b6b9afd361eaa93b45e98fbc8c42c743afa78450600d8a286,15264098594298204662743894498549429398972227456882776472146102907480620082635,,Down,buy,24,0.51
2025-12-24T12:23:56.624368+00:00,0x041e11bcff435def7536d482b65a9c78c6282ff68646ac4b0342f1185b442772,80928222299220454594974648512219119430444839790582910342810833550417356445135,,Up,buy,14,0.76
2025-12-24T12:23:56.624402+00:00,0x5f7e4a02017c0764ce276d136575a74141efd1bdee4c0a09367df9f3d68c8237,105055965869254238989083603834691553858059248653021759004551746877418777669360,,Down,buy,10,0.43
2025-12-24T12:23:56.624437+00:00,0x51480d5a1fd58dba0e7003aca2651703d1cabc7a726a2764ebe29f6176e384e0,15264098594298204662743894498549429398972227456882776472146102907480620082635,,Down,buy,24,0.44
2025-12-24T12:23:56.624470+00:00,0x55907c5d69cb3125010a207538c7edb94b7d6a02a5e952978c3ae93ed9834fa1,68593910774647247551325022669169769487560690760452966875024070482793080872705,,Up,buy,16,0.58
2025-12-24T12:23:56.624504+00:00,0x9fb5df00d496b3e90b8f9a1d93da582297068ba0b6b35c9b2a29e1d0660c9fde,15264098594298204662743894498549429398972227456882776472146102907480620082635,,Down,buy,24,0.44
2025-12-24T12:23:56.624538+00:00,0xdf3f6f50402885522a54fda8859ec0d9c871dda9e91e5daa72f1529087eff60e,68593910774647247551325022669169769487560690760452966875024070482793080872705,,Up,buy,16,0.58
2025-12-24T12:23:56.624572+00:00,0x57ebec88089437dc054a4e6d1b7e69f1e5793f9434dc20ccb422f53ba8f93ad8,68593910774647247551325022669169769487560690760452966875024070482793080872705,,Up,buy,16,0.58
2025-12-24T12:23:56.624606+00:00,0x7af81d185c44a2cd0a57169cec86fff00fbae3bab462edffe14202e5b005fbd1,80928222299220454594974648512219119430444839790582910342810833550417356445135,,Up,buy,14,0.76
2025-12-24T12:23:56.624640+00:00,0x57c5389a4838c948f121a537b57349f13f9cbe30682aa266033888139fd8fec5,68593910774647247551325022669169769487560690760452966875024070482793080872705,,Up,buy,16,0.58
2025-12-24T12:23:56.624673+00:00,0x87c3c4c94c48f060d0aabaa82a06cd145a145fdccbe8accdd83e305c57d2adf0,68593910774647247551325022669169769487560690760452966875024070482793080872705,,Up,buy,16,0.58
2025-12-24T12:23:56.624707+00:00,0x2d64199f013717d4d8106136315fcd0508b9b7f65c4cb79b6ed0cfae61c72aee,107780432996518173984213239564121895485584337050532103584095842760170219746023,,Up,buy,24,0.51
2025-12-24T12:23:56.624741+00:00,0x907406d138f6533c120825395d50488739747d6fd3181c7c15792c9f9b926f3a,107780432996518173984213239564121895485584337050532103584095842760170219746023,,Up,buy,24,0.51
2025-12-24T12:23:56.624777+00:00,0x34ae1f31761db4bbe7518aa531d22191dcf42513e0c28d66b447463c0b82af12,107780432996518173984213239564121895485584337050532103584095842760170219746023,,Up,buy,24,0.51
2025-12-24T12:23:56.624811+00:00,0xbff1948d73246d20f41b1fb00ee7ebfeedbabe01d99e9112a77341825911429f,68593910774647247551325022669169769487560690760452966875024070482793080872705,,Up,buy,16,0.67
2025-12-24T12:23:56.624845+00:00,0xa4622c2a64a4d9a4e4aee138c18449f84c26ac8140f1323b07b03c08e2d8b6ba,68593910774647247551325022669169769487560690760452966875024070482793080872705,,Up,buy,10,0.71
2025-12-24T12:23:56.624880+00:00,0x8477ac1a2147addd3f2805217f3108ea7c344ef2d562b72bdf93b3536cf2a73a,15264098594298204662743894498549429398972227456882776472146102907480620082635,,Down,buy,24,0.37
2025-12-24T12:23:56.624914+00:00,0xa4d7abb5df921ab5057e0d8d2d377c93fcaf546b6b8980c280bb969b314e2599,15264098594298204662743894498549429398972227456882776472146102907480620082635,,Down,buy,24,0.37
2025-12-24T12:23:56.624948+00:00,0xf8c9d95d317abdf4126bf0874bfd07c2053af8beee9f163e34ba17b69265046e,15264098594298204662743894498549429398972227456882776472146102907480620082635,,Down,buy,24,0.37
2025-12-24T12:23:56.624982+00:00,0xc199d1956ddf022f27885e6374afcd6cb43dbc3acc9362a9332507ea27beafe8,15264098594298204662743894498549429398972227456882776472146102907480620082635,,Down,buy,24,0.37
2025-12-24T12:23:56.625016+00:00,0xe24fc31d9d8b1337dbb18d0aac3e5ae05dec16b5681dca0d0b0cfd65d671a2fd,15264098594298204662743894498549429398972227456882776472146102907480620082635,,Down,buy,24,0.37
2025-12-24T12:23:56.625049+00:00,0xd4b2ea6f9efbfda6d9f79c828078b6b5ad88b7ed0435626e8b376393dc411512,15264098594298204662743894498549429398972227456882776472146102907480620082635,,Down,buy,24,0.37
2025-12-24T12:23:56.625083+00:00,0xffd4d9c981cf3367a0a69d575beb75fa365d786525e21dac2e4d550dd1f37bf6,15264098594298204662743894498549429398972227456882776472146102907480620082635,,Down,buy,10,0.35
2025-12-24T12:23:56.625116+00:00,0x76aae69cead1c21306bfbe3830ee1db6cff404a8175d140c7e99fb678c4e4f88,15264098594298204662743894498549429398972227456882776472146102907480620082635,,Down,buy,10,0.36
2025-12-24T12:23:56.625150+00:00,0xdcb42ba5180f2e267b609f7a1318f7de3a04f1c32ad2edf40b8bed4b0ef27524,68593910774647247551325022669169769487560690760452966875024070482793080872705,,Up,buy,16,0.79
2025-12-24T12:23:56.625183+00:00,0xea5d4768fa5af9ce751a43e0de15a6d9f390807d7a42967d73a5030699dd7428,15264098594298204662743894498549429398972227456882776472146102907480620082635,,Down,buy,12,0.2
2025-12-24T12:23:56.625217+00:00,0x332244da1c3f4eeda464acdfc65364e653091f20f4c2f28a39957f08485ee0d5,15264098594298204662743894498549429398972227456882776472146102907480620082635,,Down,buy,24,0.2
2025-12-24T12:23:56.625251+00:00,0x0a01323ab656784dca92a6babe790645991f62266d772ee02ded00d5c3975a1d,14091474066913197729641967807307354311001549692738669537454051239915390936153,,Down,buy,14,0.14
2025-12-24T12:23:56.625285+00:00,0x1cb8321f35406082a160e7f73bcd6327cb782d3aecb62478ec7260ebd412dfd3,105055965869254238989083603834691553858059248653021759004551746877418777669360,,Down,buy,16,0.13
2025-12-24T12:23:56.625319+00:00,0x0b0467a37f16c724bf5d630a1fb7dca6a2468077e491309901f80ae426125795,105055965869254238989083603834691553858059248653021759004551746877418777669360,,Down,buy,16,0.13
2025-12-24T12:23:56.625352+00:00,0x1a63a62137d5d2f48c0cc185674f039cf3a87d4a4b3f87e1f55c78178a4d6c98,14091474066913197729641967807307354311001549692738669537454051239915390936153,,Down,buy,14,0.14
2025-12-24T12:23:56.625387+00:00,0x20ab63b50af5256429ed44e32786cfad96b60822708849cd1e6ad875fbd9221b,68593910774647247551325022669169769487560690760452966875024070482793080872705,,Up,buy,14.11,0.77
2025-12-24T12:23:56.625421+00:00,0x6a4386fe94a1d8537fb022d0959e7efd83e9004630946e10320831de201c5feb,80928222299220454594974648512219119430444839790582910342810833550417356445135,,Up,buy,14,0.84
2025-12-24T12:23:56.625455+00:00,0x98d0706062fbfae3ee973e62c9cec62b41153452bce113454e4d45009331ac4a,15264098594298204662743894498549429398972227456882776472146102907480620082635,,Down,buy,24,0.22
2025-12-24T12:23:56.625491+00:00,0xfe222e55972681278fd2f93e38a88f17b80f4ccf20de08c9868e3a87e432298b,15264098594298204662743894498549429398972227456882776472146102907480620082635,,Down,buy,24,0.22
2025-12-24T12:23:56.625525+00:00,0x618849567e392c0d3958b9e4bcae3ec19ce6293140ad99c229e6c621fcafc833,15264098594298204662743894498549429398972227456882776472146102907480620082635,,Down,buy,24,0.22
2025-12-24T12:23:56.625559+00:00,0xce5995d35714018d499c06f854c51458110cb4347b120912add7a3b1f6058f0a,15264098594298204662743894498549429398972227456882776472146102907480620082635,,Down,buy,24,0.22
2025-12-24T12:23:56.625593+00:00,0x1352900283c09cc491880f0823a7e0dd7232f4c841032dbbd9982a5dbd64d86b,105055965869254238989083603834691553858059248653021759004551746877418777669360,,Down,buy,16,0.2
2025-12-24T12:23:56.625627+00:00,0xd33a12058199998d182489be6eddc0de1295295cf8b5a49a39d0b3eafcf07829,105055965869254238989083603834691553858059248653021759004551746877418777669360,,Down,buy,16,0.2
2025-12-24T12:23:56.625660+00:00,0x1e37cd1408c135e63ef363ad1579c7d7a1c94c10b803d32624cb7fbe8a93e464,15264098594298204662743894498549429398972227456882776472146102907480620082635,,Down,buy,24,0.22
2025-12-24T12:23:56.625694+00:00,0xf1cf955ae6ce7e5995cfce741a483ccddbfeb5be7ef61d6c979dbf6d4ce891a2,14091474066913197729641967807307354311001549692738669537454051239915390936153,,Down,buy,14,0.16
2025-12-24T12:23:56.625728+00:00,0x94a4581d896f74c83be8604337c7931567442a6b31c77f3ccba5ab2cfec6009e,105055965869254238989083603834691553858059248653021759004551746877418777669360,,Down,buy,16,0.2
2025-12-24T12:23:56.625764+00:00,0x61178e85859a88b335fb152a020fdf25900b22b623c209041a442cfcc88cc5f5,11895376756022161229226024883088432774805807641614752819160076612922318434959,,Down,buy,5,0.16
2025-12-24T12:23:56.625799+00:00,0xbe72de348be454de9de460b1a596ad88416408ef7024c1b29ecd51f6e573f273,11895376756022161229226024883088432774805807641614752819160076612922318434959,,Down,buy,15,0.17
2025-12-24T12:23:56.625850+00:00,0x73b8350d77bcead7dec1013d27feecbeb2e0271fb52ca1637df8ae4f8f9097d3,105055965869254238989083603834691553858059248653021759004551746877418777669360,,Down,buy,5.71,0.16
2025-12-24T12:23:56.625894+00:00,0x9cf9c13c2f1e297fa96e18cdf22553c23e0be4aae369ed3cec3452a15672db77,11895376756022161229226024883088432774805807641614752819160076612922318434959,,Down,buy,22,0.15
2025-12-24T12:23:56.625932+00:00,0x7c84d6c2bc7530a88e10fd98092d0f5c4f31080f4282a3f5ea50f82af94202da,105055965869254238989083603834691553858059248653021759004551746877418777669360,,Down,buy,16,0.2
2025-12-24T12:23:56.625969+00:00,0xfe0564f92962a3933301feb394898b76a017557ddf60c51b0fd6d951a485b7b5,15264098594298204662743894498549429398972227456882776472146102907480620082635,,Down,buy,24,0.19
2025-12-24T12:23:56.626005+00:00,0x97aad01c3bea1c1c64073525a5a90b2edf982b5f724245e433d2ce6271b7a943,68593910774647247551325022669169769487560690760452966875024070482793080872705,,Up,buy,14.68,0.8
2025-12-24T12:23:56.626041+00:00,0xc0f7a6d6ad4eadbddedf1bc985e63deb63094e62ed398314be179b9f1f74ac86,15264098594298204662743894498549429398972227456882776472146102907480620082635,,Down,buy,24,0.21
2025-12-24T12:23:56.626077+00:00,0xa367f4937326d048d805284b842358a58214bfa771df486eab206c58d747e7e0,107780432996518173984213239564121895485584337050532103584095842760170219746023,,Up,buy,24,0.8
2025-12-24T12:23:56.626112+00:00,0xde569b7ba47b5e48b3467362db9d44641dd9dc74d1ddcf87de26a94e91fede6d,15264098594298204662743894498549429398972227456882776472146102907480620082635,,Down,buy,24,0.21
2025-12-24T12:23:56.626147+00:00,0x6acfba72fcd1a5a28b7b1b22655b86051840d2c90900b0182f172dec74fb2c16,107780432996518173984213239564121895485584337050532103584095842760170219746023,,Up,buy,24,0.8
2025-12-24T12:23:56.626182+00:00,0xd81125b753c2a678203ea8397e4e44cb57d3024679f280572bebc289f72e4fa4,15264098594298204662743894498549429398972227456882776472146102907480620082635,,Down,buy,24,0.21
2025-12-24T12:23:56.626217+00:00,0xd86c6852755ade956620552121f69b8994e1391d71e2fe00c21c219a4754f8ac,107780432996518173984213239564121895485584337050532103584095842760170219746023,,Up,buy,24,0.8
2025-12-24T12:23:56.626268+00:00,0x31bec260ef62076a4fe5d3b566eeb048d8c5963a7f1805c5f62f67328738016d,107780432996518173984213239564121895485584337050532103584095842760170219746023,,Up,buy,24,0.8
2025-12-24T12:23:56.626302+00:00,0x13153bf254a53d4ef6afa6632d8e3ec56b2a5ada819c37cfd1e448480a2063ca,15264098594298204662743894498549429398972227456882776472146102907480620082635,,Down,buy,24,0.23
2025-12-24T12:23:56.626338+00:00,0xc224a0fca87577b9a1965d4c3b3ff70cad067d8d52415063a648bbae61f65fff,15264098594298204662743894498549429398972227456882776472146102907480620082635,,Down,buy,24,0.23
2025-12-24T12:23:56.626372+00:00,0x5b001b0b8243540665f44fde332fc1d268d948b5c218b8eb58255830876dd286,15264098594298204662743894498549429398972227456882776472146102907480620082635,,Down,buy,24,0.23
2025-12-24T12:23:56.626406+00:00,0xf591ceee49fe0c39f327611f7834bdb3191e4fd8da5c41c8684a1254f3087d38,68593910774647247551325022669169769487560690760452966875024070482793080872705,,Up,buy,16,0.61
2025-12-24T12:23:56.626441+00:00,0xada9f0ccf7b29ff862399a2bd6bc3f439150f142e06e27ed8f51a66b4b1f4261,68593910774647247551325022669169769487560690760452966875024070482793080872705,,Up,buy,16,0.61
2025-12-24T12:23:56.626475+00:00,0x09a72e70b6fcd80933405060078c84ce1274d32f6eaedadc64ce059f881c26a0,107780432996518173984213239564121895485584337050532103584095842760170219746023,,Up,buy,24,0.73
2025-12-24T12:23:56.626508+00:00,0xd9a954ca1000535a38a65aaa4487eee955c03bfeba986d53a61cfa5d2002e04f,107780432996518173984213239564121895485584337050532103584095842760170219746023,,Up,buy,24,0.73
2025-12-24T12:23:56.626542+00:00,0x8f12a9701bba13567a2881df1ee9bd23df72046e2abc26c1af15cdc2dc1bde30,107780432996518173984213239564121895485584337050532103584095842760170219746023,,Up,buy,24,0.73
2025-12-24T12:23:56.626576+00:00,0xb2ff355bd1cdeeed53d505fe3937a5c3f8b12c229a632163b49030542ade9d56,68593910774647247551325022669169769487560690760452966875024070482793080872705,,Up,buy,16,0.61
2025-12-24T12:23:56.626610+00:00,0x2dc2f037b97c2d462a3030a792a45b108c624cdecc6d59c5ae8b92cf9404b06d,107780432996518173984213239564121895485584337050532103584095842760170219746023,,Up,buy,24,0.73
2025-12-24T12:23:56.626644+00:00,0x0b91d210771eafc98c9ef933406b501fca1e836b3451f71fa1e1073b16f13e83,68593910774647247551325022669169769487560690760452966875024070482793080872705,,Up,buy,16,0.61
2025-12-24T12:23:56.626678+00:00,0xda8902b7e5bd09964e4295ae42c4abd108c584eba8a7e50e2edfa4e18b2e3f88,68593910774647247551325022669169769487560690760452966875024070482793080872705,,Up,buy,16,0.61
2025-12-24T12:23:56.626712+00:00,0x1b8c703958192a4eebac2d5bb591655d17d0630a8ef98d63ad2cb21b1d1ac249,105055965869254238989083603834691553858059248653021759004551746877418777669360,,Down,buy,16,0.43
2025-12-24T12:23:56.626746+00:00,0x6a3ee2960e45bdb2cc5f1633b5cd16d0413839f73f664e760a788eefc460d3e4,15264098594298204662743894498549429398972227456882776472146102907480620082635,,Down,buy,24,0.28
2025-12-24T12:23:56.626779+00:00,0x4ba13bf01335b862cc5e5793a5e2ba77c80d2aa37c13e69552f97743f4fb04ea,11895376756022161229226024883088432774805807641614752819160076612922318434959,,Down,buy,22,0.21
2025-12-24T12:23:56.626813+00:00,0xcc1d68f402f76cff0146293a97aac13e122dc5c3295ee853b1bd16de4a68f8ed,105055965869254238989083603834691553858059248653021759004551746877418777669360,,Down,buy,16,0.4267125
2025-12-24T12:23:56.626847+00:00,0xc77a5770f3b20f8e5690d5c8e1d637e37f3edee9906126f7e0eb8e893c95d74c,15264098594298204662743894498549429398972227456882776472146102907480620082635,,Down,buy,24,0.27
2025-12-24T12:23:56.626881+00:00,0x1fb82c104df1d5aa108f13859517e5900b75b204a43cd80a1411d21107094e92,107780432996518173984213239564121895485584337050532103584095842760170219746023,,Up,buy,5.98,0.67
2025-12-24T12:23:56.626915+00:00,0xaaf4570bbcb31b0ed2b9ae344fd53a608a0860774219e543ea7e6fb4ff89699c,11895376756022161229226024883088432774805807641614752819160076612922318434959,,Down,buy,10,0.24
2025-12-24T12:23:56.626949+00:00,0xe596a75a51cdc8e034e397b3f45a25afe3f0c3711ccf2d698304dd72a20aad59,14091474066913197729641967807307354311001549692738669537454051239915390936153,,Down,buy,14,0.22
2025-12-24T12:23:56.626985+00:00,0x8fe322cf55011b0c8f2dd33d8d524e15e074dd27f8f73bd433862597996041b0,107780432996518173984213239564121895485584337050532103584095842760170219746023,,Up,buy,4.15,0.65
2025-12-24T12:23:56.627019+00:00,0x3e9aaa1f3ac17b5eb8184f0d738a6aca2a5b88cb7f02157524ef3ed5e4276c4d,107780432996518173984213239564121895485584337050532103584095842760170219746023,,Up,buy,24,0.65
2025-12-24T12:23:56.627053+00:00,0x0f5e5a83f77dfea89a0ed7ca53ed4206244a6cc73479f823cfa03bb143b3b49b,15264098594298204662743894498549429398972227456882776472146102907480620082635,,Down,buy,24,0.35
2025-12-24T12:23:56.627086+00:00,0xd0aa9f21b5b5398cff0bf2361a4be05ff594c61777c7debd9008a7bfdccaba41,15264098594298204662743894498549429398972227456882776472146102907480620082635,,Down,buy,24,0.38
2025-12-24T12:23:56.627120+00:00,0x2e338bd171e80106752344919f0d97e093f545b517836c3a13d8e2a9e60cbdcf,68593910774647247551325022669169769487560690760452966875024070482793080872705,,Up,buy,5,0.64
2025-12-24T12:23:56.627154+00:00,0xccfbddc88dcb8e183cefc711d478542e4f54b20b8a5314ff7397493aa54646b1,107780432996518173984213239564121895485584337050532103584095842760170219746023,,Up,buy,24,0.65
2025-12-24T12:23:56.627188+00:00,0x474ba5cc8b78dd5fef8af9e02939970e3e21549d77969557f21d4a899c1806af,15264098594298204662743894498549429398972227456882776472146102907480620082635,,Down,buy,24,0.35
2025-12-24T12:23:56.627222+00:00,0x12cfb3ecea9fef5bf6421a289b0a315558c879b9c008e57f972d4ac8daf5e459,15264098594298204662743894498549429398972227456882776472146102907480620082635,,Down,buy,24,0.35
2025-12-24T12:23:56.627256+00:00,0xd8459675e28ca97a585bdfe741aa6f330cc56c505fb8f308748cc64ef0848eb4,11895376756022161229226024883088432774805807641614752819160076612922318434959,,Down,buy,22,0.22
2025-12-24T12:23:56.627290+00:00,0xa6c93702ce6d60b56a5f998cc9caad9240978553e80a9d2a85086815b3ab2854,15264098594298204662743894498549429398972227456882776472146102907480620082635,,Down,buy,24,0.35
2025-12-24T12:23:56.627323+00:00,0xd2553840e065c35231d5d0083da77879773d8fe4c30e02df751311540b3247e1,11895376756022161229226024883088432774805807641614752819160076612922318434959,,Down,buy,22,0.22
2025-12-24T12:23:56.627357+00:00,0xdf79b81b82c5fc3f3952a72a38f889e800b39386d2d9e448c89487257b7b5a75,15264098594298204662743894498549429398972227456882776472146102907480620082635,,Down,buy,24,0.35
2025-12-24T12:24:30.599163+00:00,0x29daee09569ef0e14fae4cc4a3a86ba5300fb181b5f097291061d9a928c49b7d,15264098594298204662743894498549429398972227456882776472146102907480620082635,,Down,buy,22,0.42
2025-12-24T12:24:30.599275+00:00,0xecfb13ed7c6f696b12f5a8cab7937d8700bfdf05b00e95dca66bec45d3c34e38,15264098594298204662743894498549429398972227456882776472146102907480620082635,,Down,buy,22,0.42
2025-12-24T12:24:30.599334+00:00,0x31109d4cb03f1b296e593428fcfd725866e99850031ba5df6a12b454fa475013,15264098594298204662743894498549429398972227456882776472146102907480620082635,,Down,buy,22,0.42
2025-12-24T12:24:30.599379+00:00,0x8833c5da3596aa5cc60af0267c010580d950ed1613f5402c256d5a612fbb4787,15264098594298204662743894498549429398972227456882776472146102907480620082635,,Down,buy,22,0.42
2025-12-24T12:24:30.599427+00:00,0x4ebac234cd998b98cc7aa75cc719fe32f47815f59c5688104382519d713f656f,107780432996518173984213239564121895485584337050532103584095842760170219746023,,Up,buy,22,0.59
2025-12-24T12:24:30.599467+00:00,0xd3a6a157447f01e983578cacdd6fca6271a18f913771698982f080414d33ff8f,107780432996518173984213239564121895485584337050532103584095842760170219746023,,Up,buy,12.98,0.59
2025-12-24T12:24:30.599506+00:00,0x3c38b90f9639fdff52bc1bcfe1edd59e30cb807a6f1715ebefb9b78bc0cafd2f,107780432996518173984213239564121895485584337050532103584095842760170219746023,,Up,buy,23,0.57
2025-12-24T12:24:30.599549+00:00,0x5e2cd15172c7d547b64258e77c748938f891e67267117be018c0a8215c844967,107780432996518173984213239564121895485584337050532103584095842760170219746023,,Up,buy,23,0.58
2025-12-24T12:24:30.599593+00:00,0x5fa1053cc2854a2f40952fcfa8e033e4191d700cc9bc1c3d8a3b475e7c9999ca,15264098594298204662743894498549429398972227456882776472146102907480620082635,,Down,buy,23,0.42
2025-12-24T12:24:30.599639+00:00,0xa5414d7a14191d6382da757df510293824c73cebef8da8f58b97c198e6107479,15264098594298204662743894498549429398972227456882776472146102907480620082635,,Down,buy,23,0.42
2025-12-24T12:24:30.599676+00:00,0x498d4738bb52a216190fd86609ceaf9c9c4e217c54dafc369dd4f29229c3ed4b,11895376756022161229226024883088432774805807641614752819160076612922318434959,,Down,buy,22,0.29
2025-12-24T12:24:30.599711+00:00,0xe9e7b558d6923050c3d425f3493154181d82a0bfeccd74985d58931af4957693,11895376756022161229226024883088432774805807641614752819160076612922318434959,,Down,buy,3.18,0.29
2025-12-24T12:24:30.599747+00:00,0xeed4b902f79f252ed2230da13cca669e0046275a50c4a9e5f8c91b94d16d7b13,105055965869254238989083603834691553858059248653021759004551746877418777669360,,Down,buy,15,0.3
2025-12-24T12:24:30.599782+00:00,0x3f0731f09d6028e536c8dd72e6e82158d1baddd335afb1884c4e9eeecd3a5942,11895376756022161229226024883088432774805807641614752819160076612922318434959,,Down,buy,22,0.29
2025-12-24T12:24:30.599818+00:00,0x434016783bbd3edd031fe110035f94685ada9c195f4e6c31ec83452cedd5effe,105055965869254238989083603834691553858059248653021759004551746877418777669360,,Down,buy,15,0.3
2025-12-24T12:29:11.198609+00:00,0x6f85d8b34e6ddb9431612200b55d2c7273ae639572d3d0a10482303c0545f5af,68593910774647247551325022669169769487560690760452966875024070482793080872705,,Up,buy,10,0.97
2025-12-24T12:29:11.198715+00:00,0xef3ef4b446a8c7fd88232472fca1beb94d6ef6eda6fa19cbd74934b7359f1670,107780432996518173984213239564121895485584337050532103584095842760170219746023,,Up,buy,16,0.93
2025-12-24T12:29:11.198774+00:00,0xc7760093f9e7dfa8afdb38d56ccd9ce287f22e09f58ab24edc172cdcbd68020c,107780432996518173984213239564121895485584337050532103584095842760170219746023,,Up,buy,16,0.93
2025-12-24T12:29:11.198818+00:00,0x1ae5f5ae5dd91ebb91cc4d6c6e290d6d008be2a4b9ae92d5c9ca82e2b569cf77,107780432996518173984213239564121895485584337050532103584095842760170219746023,,Up,buy,16,0.93
2025-12-24T12:29:11.198859+00:00,0xb9c30988da830d70041c3c994d8d5956f73ea15716440513feabaf78483a46c5,107780432996518173984213239564121895485584337050532103584095842760170219746023,,Up,buy,16,0.93
2025-12-24T12:29:11.198897+00:00,0x31e1cff8aa3c21d8002344a72da9a4a1e11d8805e4b309b109e286db36c24ac0,107780432996518173984213239564121895485584337050532103584095842760170219746023,,Up,buy,6.65,0.93
2025-12-24T12:29:11.198935+00:00,0x19839f08c53c0d76991b2ff4c5ac58ef23a8966a31d06d94ec995f76289d1efb,11895376756022161229226024883088432774805807641614752819160076612922318434959,,Down,buy,5,0.2
2025-12-24T12:29:11.198979+00:00,0x371f07f6c2d02961b1bdfd277d3bafa36d11655dfe71114eafdd52d10ecee64b,80928222299220454594974648512219119430444839790582910342810833550417356445135,,Up,buy,14,0.86
2025-12-24T12:29:11.199023+00:00,0x070d511d57e3b51e6044a0b9769ee3faedb40dcecc65923cfd35e326b631c2f9,107780432996518173984213239564121895485584337050532103584095842760170219746023,,Up,buy,3.86,0.89
2025-12-24T12:29:11.199077+00:00,0x0d1076c522f1aa6b9766030c645e3cebf03eba82f44907a8827b386a83882438,80928222299220454594974648512219119430444839790582910342810833550417356445135,,Up,buy,14,0.86
2025-12-24T12:29:11.199115+00:00,0x4e2bc89faa9f71ab185617435096aebeafabb45314d3988e19bce38763e42c31,80928222299220454594974648512219119430444839790582910342810833550417356445135,,Up,buy,14,0.86
2025-12-24T12:29:11.199151+00:00,0x5fb5d1cacfdd88fcf49d25fd0c0a96204a6311b6460b078a3fff7c7944ed6ee7,80928222299220454594974648512219119430444839790582910342810833550417356445135,,Up,buy,14,0.86
2025-12-24T12:29:11.199187+00:00,0x2f0e7a0b3c4955f127abead51421505f36f20ec5d8ef1cb32a78b99e9822fca4,80928222299220454594974648512219119430444839790582910342810833550417356445135,,Up,buy,14,0.86
2025-12-24T12:29:11.199222+00:00,0x34aace1c883e2e5ec17ef3b96f0925dbc45fdd2e66874d903deada7a3c7af1db,80928222299220454594974648512219119430444839790582910342810833550417356445135,,Up,buy,14,0.86
2025-12-24T12:29:11.199257+00:00,0x2d675e7cb1e151fd66ac8888c2ef7a21af215c672704d067099458565784e84b,80928222299220454594974648512219119430444839790582910342810833550417356445135,,Up,buy,14,0.86
2025-12-24T12:29:11.199302+00:00,0xf7a771c78d636c57c6eb303a27ba94a8ddd242d9f93d27c3f14f4bf3020132c2,80928222299220454594974648512219119430444839790582910342810833550417356445135,,Up,buy,14,0.86
2025-12-24T12:29:11.199338+00:00,0xfd46330dcf5bb1d2ac85c3dd17ef487f54a42d6f8980273d87705adb54ff48d7,80928222299220454594974648512219119430444839790582910342810833550417356445135,,Up,buy,14,0.86
2025-12-24T12:29:11.199373+00:00,0x73395eedb16d6ae1e6a6d22d4552115146e697c214d2c9447b43a2d3199a180c,80928222299220454594974648512219119430444839790582910342810833550417356445135,,Up,buy,14,0.86
2025-12-24T12:29:11.199407+00:00,0x70ada05cb826ce8403959843bd6e385f2dd2d1a8eaf3167c7ce97987caf47b27,68593910774647247551325022669169769487560690760452966875024070482793080872705,,Up,buy,12,0.91
2025-12-24T12:29:11.199444+00:00,0xcb42f805b42cad4951cc124a636b944aa7cb92081f3189ac4c1fdcc4fe9d93e5,15264098594298204662743894498549429398972227456882776472146102907480620082635,,Down,buy,5,0.09
2025-12-24T12:29:11.199482+00:00,0xdb0de9723583549aaf79aed67594994912dd92ea9de21fa317823cca013c24c4,15264098594298204662743894498549429398972227456882776472146102907480620082635,,Down,buy,19,0.22
2025-12-24T12:29:11.199517+00:00,0x3827777d0e6de8aa81156220ea60107f6f7b311dbe3e2cdc4b2f93c30d8cf34c,107780432996518173984213239564121895485584337050532103584095842760170219746023,,Up,buy,19,0.76
2025-12-24T12:29:11.199551+00:00,0xcc14b57a62d8882c1ee82aca239f57c832755d70b875e667b8b5754a1369b02d,107780432996518173984213239564121895485584337050532103584095842760170219746023,,Up,buy,19,0.76
2025-12-24T12:29:11.199586+00:00,0x0d9dfc0d5badcf0c29489a0c19170a16df023d40c004df5537adf91e65a63b47,15264098594298204662743894498549429398972227456882776472146102907480620082635,,Down,buy,20,0.21
2025-12-24T12:29:11.199621+00:00,0x371344c36008194f802cf4b9a66f94f6bab85bb0ae3469c8f0a32b5a8e4ea6d6,15264098594298204662743894498549429398972227456882776472146102907480620082635,,Down,buy,20,0.22
2025-12-24T12:29:11.199655+00:00,0x326afcbb31c9fe48d7cd70fea8b2d882a2cd7c1ecb32f6a39734402e08d3faaf,15264098594298204662743894498549429398972227456882776472146102907480620082635,,Down,buy,20,0.22
2025-12-24T12:29:11.199690+00:00,0xce1634b971dac6bd9a8f62271c5c77a729b55d46b1a8897feee65cc41dce3b7f,15264098594298204662743894498549429398972227456882776472146102907480620082635,,Down,buy,20,0.21
2025-12-24T12:29:11.199725+00:00,0x5daa466beabf8bf68aacce7fd25d63ba361a62102a23d7e036733099867411e6,15264098594298204662743894498549429398972227456882776472146102907480620082635,,Down,buy,20,0.22
2025-12-24T12:29:11.199761+00:00,0xec5b21ea8c641728cbaf29dc74ec657bde35f50808c24c00747acc35f16adaf1,68593910774647247551325022669169769487560690760452966875024070482793080872705,,Up,buy,1.7,0.85
2025-12-24T12:29:11.199796+00:00,0x9e10ba5ebef8e63fe7ceab22dc968863220babaafab8a062e1a6cc4dbeed0a00,68593910774647247551325022669169769487560690760452966875024070482793080872705,,Up,buy,13,0.85
2025-12-24T12:29:11.199831+00:00,0x7d5605df908a0a0d3c88c0cf9d72df07e0735cd4e5c09e0f2666968ea8b1fad6,68593910774647247551325022669169769487560690760452966875024070482793080872705,,Up,buy,13,0.78
2025-12-24T12:29:11.199866+00:00,0x360344e192ad181b3a3accebe177e522a62f4c36311489f8339bc91dcfc45b9b,68593910774647247551325022669169769487560690760452966875024070482793080872705,,Up,buy,13,0.78
2025-12-24T12:29:11.199902+00:00,0xd09fb97acd3d34db22266dd63141ccb480be56a707137c97d1d53a388c517ebe,15264098594298204662743894498549429398972227456882776472146102907480620082635,,Down,buy,20,0.44
2025-12-24T12:29:11.199936+00:00,0xee1ebe000970471342677fb6d44c02d97ed8c79b945a83f3eacc5e0d70e2a25b,107780432996518173984213239564121895485584337050532103584095842760170219746023,,Up,buy,20,0.56
2025-12-24T12:29:11.199972+00:00,0xf34d45ff513ca097c72127f7305fe72947b9e2f9f3ec710898ef9f0640cb4509,107780432996518173984213239564121895485584337050532103584095842760170219746023,,Up,buy,20,0.56
2025-12-24T12:29:11.200009+00:00,0x1b27df85af8a99c918006e5efba72fbfcb0356be9003190e9338c547bb1c5508,107780432996518173984213239564121895485584337050532103584095842760170219746023,,Up,buy,20,0.56
2025-12-24T12:29:11.200045+00:00,0xa0afe96affe0c35ec65548d2e143ceb783498b7d2914a7bf8240c49fa69a3981,15264098594298204662743894498549429398972227456882776472146102907480620082635,,Down,buy,21,0.44
2025-12-24T12:29:11.200081+00:00,0xd5bf2211bd21bd6c4e064e0787787088f7b8912db955b21d9ad967dd79fb5317,107780432996518173984213239564121895485584337050532103584095842760170219746023,,Up,buy,12.08,0.55
2025-12-24T12:29:11.200117+00:00,0x158e0ffb7fb988fad173c5a01dbf96cd87910c17da350c5bd680b2aa05f24010,107780432996518173984213239564121895485584337050532103584095842760170219746023,,Up,buy,21,0.55
2025-12-24T12:29:11.200153+00:00,0xe51b6887a3d5d3a86d3152264ae1235beb1710fd26faaa2d8983bdf4277c4e18,107780432996518173984213239564121895485584337050532103584095842760170219746023,,Up,buy,21,0.55
2025-12-24T12:29:11.200188+00:00,0x02486a8f13f3b4bd34aa6c54aa830693d01353884c70d0e9138b3101bcc4af1c,107780432996518173984213239564121895485584337050532103584095842760170219746023,,Up,buy,21,0.54
2025-12-24T12:29:11.200224+00:00,0xcba54f72a0bd0b20fe874bd932ae264167d11a9af48544fe5162b24ab5601b83,107780432996518173984213239564121895485584337050532103584095842760170219746023,,Up,buy,21,0.54
2025-12-24T12:29:11.200259+00:00,0x9587343b3f16bd3811d2ed5d213dd0320c4ddfc253fe6455db4bc43b8c3247c5,107780432996518173984213239564121895485584337050532103584095842760170219746023,,Up,buy,21,0.54
2025-12-24T12:29:11.200294+00:00,0xac64faeb52014e52c06a96a2b9d9ebdfb2a1b9870ffc93e979d094dcb1ae8d00,107780432996518173984213239564121895485584337050532103584095842760170219746023,,Up,buy,21,0.55
2025-12-24T12:29:11.200329+00:00,0x33020433ee8087719383e0e7fc0da3c6b9b07557755d2eb956ff49c5ae068dc7,15264098594298204662743894498549429398972227456882776472146102907480620082635,,Down,buy,21,0.36
2025-12-24T12:29:11.200365+00:00,0x62c6fda38f4d1a457f5a766b9cf160c1c3be701a08ff48146fabd557546c1e6b,107780432996518173984213239564121895485584337050532103584095842760170219746023,,Up,buy,22,0.58
2025-12-24T12:31:19.380382+00:00,0x53fc0d3a8a1bce8de1992bdf70a8047cfa3416dc1d12d6fdfe464671c0925269,25350044980173657547438079463839499612160074771777583101213184618740679879238,,Up,buy,16,0.55
2025-12-24T12:31:19.380484+00:00,0x6d6bf11837955b39006614b2973802ec71f6010f107a8384dbc0cb60ec194186,25350044980173657547438079463839499612160074771777583101213184618740679879238,,Up,buy,0.17,0.55
2025-12-24T12:31:19.380541+00:00,0xbd84d465a72582b49590b0b632ec76c3313a9d5cc88cc172cb59335c60aaf27f,25350044980173657547438079463839499612160074771777583101213184618740679879238,,Up,buy,16,0.55
2025-12-24T12:31:19.380585+00:00,0x8d2895983a2c09742bab80d392b85f29f439fe7e58e1258e5a868d77e8e0f28d,11895376756022161229226024883088432774805807641614752819160076612922318434959,,Down,buy,3,0.18
2025-12-24T12:31:46.377169+00:00,0xd206a8df817b2539b704d902782deceaa5bcfe041e7b6969e6dfbf1c34f6b9cb,11895376756022161229226024883088432774805807641614752819160076612922318434959,,Down,buy,21,0.2
2025-12-24T12:31:46.737516+00:00,0x3460712e07b916ed47612ccec82bd86cc56366c60c8b563628f90d3cf0db52a7,11895376756022161229226024883088432774805807641614752819160076612922318434959,,Down,buy,5,0.19
2025-12-24T12:31:47.008606+00:00,0x5594b3a7c77ebb4d38fc5e491f64a0f4939f885e38a46e174682ee69e7093a74,13062017514367036712132507234695240485814201170416867518423143001977070910309,,Down,buy,0.45,0.49
2025-12-24T12:31:47.253719+00:00,0xb71bb0792ca99362763b09143d34605e755da5481abae6ebdbd9ed76771d6a3a,64047809649046609347541430679276006820493270177533058759880353853936646382402,,Down,buy,24,0.47
2025-12-24T12:31:47.515277+00:00,0x44ee1b36b2879bf89dfc900267bb0f56f142c85f2c2e31495ba24e552b293ae8,13062017514367036712132507234695240485814201170416867518423143001977070910309,,Down,buy,14.44,0.45
2025-12-24T12:31:47.798940+00:00,0x2d1798ebce1f922a09b42680934b1941be7843569a6aee8d18e7fdb6c14c2669,11895376756022161229226024883088432774805807641614752819160076612922318434959,,Down,buy,21,0.2
2025-12-24T12:31:48.066165+00:00,0xc0f0efee59a35f81c8dfc0228d6c6657da24badda3b9d8211a5789bbdff6cd74,11895376756022161229226024883088432774805807641614752819160076612922318434959,,Down,buy,21,0.2
2025-12-24T12:31:48.361400+00:00,0x195e68f18c6e3763f0e5ad855dc6a18fcea42c6229b53d0cf556e78469b7a8e3,25350044980173657547438079463839499612160074771777583101213184618740679879238,,Up,buy,1.6,0.51
2025-12-24T12:31:48.631742+00:00,0x2b5a78ac9c5642f36b973b880a6be0b3579af6cf9c3eee40aec0f7fd37d30362,25350044980173657547438079463839499612160074771777583101213184618740679879238,,Up,buy,16,0.51
2025-12-24T12:31:48.878818+00:00,0x1a202a9e25fb00474ef5fb650dd915d08fdeae7ef06edbf841b98566a6256e01,64047809649046609347541430679276006820493270177533058759880353853936646382402,,Down,buy,20.16,0.52
2025-12-24T12:31:49.136819+00:00,0x7adc9c95b6764a7ea794b9a36d32e9568f909fbd969d386e8e98ff102f562050,25350044980173657547438079463839499612160074771777583101213184618740679879238,,Up,buy,16,0.51
2025-12-24T12:31:49.398511+00:00,0xf24f58cbae0f954f7358c81ff527da917f1be712f09273f0bbd25302fbc06824,25350044980173657547438079463839499612160074771777583101213184618740679879238,,Up,buy,16,0.51
2025-12-24T12:31:49.699109+00:00,0x0e368b525e5a96c65094793952fb08c5b0fb006be3e5301c53c0c5d3cb6da9b3,25350044980173657547438079463839499612160074771777583101213184618740679879238,,Up,buy,16,0.51
2025-12-24T12:31:49.951105+00:00,0x46df3156c877f20b140eafc071a2d7f88c074f414d8f573ecfce935ed020b38b,25350044980173657547438079463839499612160074771777583101213184618740679879238,,Up,buy,16,0.51
2025-12-24T12:31:50.249343+00:00,0xe4b5758cec88ad91b0844f815b668e738ea69d3cc8e8f04698dca5ee9d61ee82,25350044980173657547438079463839499612160074771777583101213184618740679879238,,Up,buy,16,0.51
2025-12-24T12:31:50.524719+00:00,0x3650ac46a85767befbecf5eb412cc8d16757468b5ce5f9c7ce56474a1b04a8de,39160819992607033404039190777202230223060784374840646572116040474529727320071,,Up,buy,24,0.42
2025-12-24T12:31:50.780187+00:00,0xa0ed9301eb19eabfa668dc2d3795dc9b1829ec91cd822365e29e656294a8259c,13062017514367036712132507234695240485814201170416867518423143001977070910309,,Down,buy,4,0.52
2025-12-24T12:31:51.042103+00:00,0x18e6ad38ec1535fe6959af563fce98c7fcb8ddf9ff2433715246ba11e2e1c872,64047809649046609347541430679276006820493270177533058759880353853936646382402,,Down,buy,24,0.55
2025-12-24T12:31:51.348830+00:00,0x284328fb3e92891d2010858c691680f9100b8cde5275d22d957f81baa2995a90,13062017514367036712132507234695240485814201170416867518423143001977070910309,,Down,buy,16,0.52
2025-12-24T12:31:51.580834+00:00,0x1fdffb9f19a3513ae2a6870cbc32334d94d36fc48b1ac1a60569eb6b7f30b462,25350044980173657547438079463839499612160074771777583101213184618740679879238,,Up,buy,16,0.47
2025-12-24T12:31:51.843217+00:00,0x1ce3877417c6a4f4b895e671d2433a54941bb98a786d5dc93aee3f40dc7b15c8,25350044980173657547438079463839499612160074771777583101213184618740679879238,,Up,buy,16,0.47
2025-12-24T12:33:16.854187+00:00,0xa65c4d6d4e0a432786f65d9bff1c111fa0f54590507433b002a8173f8842a250,64047809649046609347541430679276006820493270177533058759880353853936646382402,,Down,buy,5,0.58
2025-12-24T12:33:17.232156+00:00,0x66caa1cb7fe67a3fe6c7112166d3dbf5c4d1aa0214f543db3187e1098600ece3,13062017514367036712132507234695240485814201170416867518423143001977070910309,,Down,buy,16,0.47
2025-12-24T12:33:17.633963+00:00,0xd04df5b837fc44c93a259678d55ec44184d1adf67b0462550f2e1abeb6ebeb3c,39160819992607033404039190777202230223060784374840646572116040474529727320071,,Up,buy,24,0.4479166666666667
2025-12-24T12:33:18.049434+00:00,0xe6e7e16737208eb0647d7803a4c4ed014a91a0c5e583224529024b41e172c04b,39160819992607033404039190777202230223060784374840646572116040474529727320071,,Up,buy,24,0.41
2025-12-24T12:33:18.435880+00:00,0x0eb5b141a79ae167b0fe4b0d21dcedd9247dde8c781fa0867adc896bc5c9df34,39160819992607033404039190777202230223060784374840646572116040474529727320071,,Up,buy,24,0.41
2025-12-24T12:33:18.889991+00:00,0x6e1fbe912fdb733825e67b186c889b009ae417030846dd3e027b879268b87d26,39160819992607033404039190777202230223060784374840646572116040474529727320071,,Up,buy,24,0.41
2025-12-24T12:33:19.308353+00:00,0xe799a01faed409e35988b0547c67c60c298d0e84e48f11a19550da3a08f819ef,39160819992607033404039190777202230223060784374840646572116040474529727320071,,Up,buy,24,0.42
2025-12-24T12:33:19.685099+00:00,0x6e6a0614745b12e67d1b095f590a36ca041f11ad0bdb2dd0678dc514add51089,25350044980173657547438079463839499612160074771777583101213184618740679879238,,Up,buy,16,0.46
2025-12-24T12:33:20.101799+00:00,0x4bd5d5b89fc89fd3c0b238bf795e453ef2cca8c6da63ae9c59b6596f10ae4ce8,25350044980173657547438079463839499612160074771777583101213184618740679879238,,Up,buy,16,0.46
2025-12-24T12:33:20.674372+00:00,0xd9b04e0d2a004bebe34334d6a621552d6b4e1406979bcc6cbf947b62746c6ab9,25350044980173657547438079463839499612160074771777583101213184618740679879238,,Up,buy,16,0.46
2025-12-24T12:33:21.389385+00:00,0x9c0c2a7da070ab679c7e063ce0cb3b956667ff39672c335d0c3e43831984bef6,25350044980173657547438079463839499612160074771777583101213184618740679879238,,Up,buy,10.92,0.46
2025-12-24T12:33:21.796842+00:00,0x85529e5618df5dc35a80c118fde25f29f7a57fd96add3deca12c8cd8691898b4,25350044980173657547438079463839499612160074771777583101213184618740679879238,,Up,buy,16,0.46
2025-12-24T12:33:22.221165+00:00,0xf4f8160543262b405128cd19be74299f1d670efc19bd4a837564499f07d910dd,25350044980173657547438079463839499612160074771777583101213184618740679879238,,Up,buy,16,0.46
2025-12-24T12:33:22.618642+00:00,0x5ba8c91cf17d5164a4522dc85ef8c397b4b10ad4c4fa6e87613696d62002fb67,25350044980173657547438079463839499612160074771777583101213184618740679879238,,Up,buy,16,0.46
2025-12-24T12:33:23.037801+00:00,0xba87376d4222b65113c18c6f1473c10e537d5c9b8619e1f90a1f32c683d3a246,64047809649046609347541430679276006820493270177533058759880353853936646382402,,Down,buy,24,0.56
2025-12-24T12:33:23.486710+00:00,0xab3741ad779792c078ff1cb27e83b5ffb47c10d26ee5e1929d0b79722917e396,39160819992607033404039190777202230223060784374840646572116040474529727320071,,Up,buy,24,0.43
2025-12-24T12:33:23.875359+00:00,0xec9588bf4802cdb978b59498e210cbe739fe2d1c5f5de404b491ce78bb1627ff,39160819992607033404039190777202230223060784374840646572116040474529727320071,,Up,buy,24,0.43
2025-12-24T12:33:24.314718+00:00,0xecb04fbbdb68a10754bf96bee2d63900f3cf212f1a21b5172205dce3cd0718df,39160819992607033404039190777202230223060784374840646572116040474529727320071,,Up,buy,24,0.43
2025-12-24T12:33:24.733262+00:00,0x84e940342b89b3f580ca3466516c8901ddc90040c950f359986a23c1f3cb024a,39160819992607033404039190777202230223060784374840646572116040474529727320071,,Up,buy,24,0.45
2025-12-24T12:33:25.177559+00:00,0xfb9e57e5df97df0f9c471e6606bf023ea08d38fb56214c74589e8da6eef3b21d,39160819992607033404039190777202230223060784374840646572116040474529727320071,,Up,buy,24,0.45
2025-12-24T12:33:25.573175+00:00,0xce6d8158c3571c160f61c4de1723c2a5b88796f88f71a25556dfd68a73528f68,39160819992607033404039190777202230223060784374840646572116040474529727320071,,Up,buy,24,0.45
2025-12-24T12:33:25.998312+00:00,0x476207af829c2006ea27f2cea3de984ca3ceaa97123facf874761bbdab57ca10,14091474066913197729641967807307354311001549692738669537454051239915390936153,,Down,buy,13,0.11
2025-12-24T12:33:26.381120+00:00,0xba0badece0eece0c7cec6a1324d40b6e898729ff8a9e12977d58dbb7b022de9e,13062017514367036712132507234695240485814201170416867518423143001977070910309,,Down,buy,16,0.36
2025-12-24T12:33:26.806402+00:00,0x5c169831f86f010341a07e2d1bfe523349b47f20231abde73571d27ac68d7ec4,13062017514367036712132507234695240485814201170416867518423143001977070910309,,Down,buy,16,0.36
2025-12-24T12:33:27.213458+00:00,0xdbc6429bd77a1d83e233e477f407a7cae561592e44ef3ae5aec961c62112afc4,64047809649046609347541430679276006820493270177533058759880353853936646382402,,Down,buy,10.13,0.48
2025-12-24T12:34:46.614111+00:00,0x7b3c9a0dbf03b0eef34acb627c16bc42562f2d39c6ec7c943d1d6b74b5dec1fd,13062017514367036712132507234695240485814201170416867518423143001977070910309,,Down,buy,16,0.38
2025-12-24T12:34:47.208475+00:00,0x5f449e5be6e35a4e08521e54ab1a02cdb2ce943b151962ec323bd7611b6da6c4,13062017514367036712132507234695240485814201170416867518423143001977070910309,,Down,buy,5.17,0.38
2025-12-24T12:34:47.626028+00:00,0x2b32cd439d61905eb6270ddc75a7281990762614d3663f2b82498bad5443f673,13062017514367036712132507234695240485814201170416867518423143001977070910309,,Down,buy,8.16,0.39
2025-12-24T12:34:48.030793+00:00,0x1ccc377c7c3c469bbf94e697caa9981c7ea5ae3f8007b3cffe7da0faea3ef10f,11895376756022161229226024883088432774805807641614752819160076612922318434959,,Down,buy,21,0.15
2025-12-24T12:34:48.437477+00:00,0x3559839b0d495b54c2fc3ea1fa92f96c4b45325db365f2d1489260e5923b0d3e,39160819992607033404039190777202230223060784374840646572116040474529727320071,,Up,buy,7.8,0.5
2025-12-24T12:34:48.833977+00:00,0xebc4a5840841cd2787e85b372cabc09c886b1bd1e5e4dd5052cd0149bf318296,39160819992607033404039190777202230223060784374840646572116040474529727320071,,Up,buy,24,0.5
2025-12-24T12:34:49.231391+00:00,0xf39cc58c354ee9abac0700cad9a9f8eedcb81595c94f4ea644a7c9581da33ce8,39160819992607033404039190777202230223060784374840646572116040474529727320071,,Up,buy,24,0.52
2025-12-24T12:34:49.604773+00:00,0x0943de68bbe899f3cd3f019f7eea8acc0e8b6c0778ca1e757c66efd8d0262895,39160819992607033404039190777202230223060784374840646572116040474529727320071,,Up,buy,24,0.52
2025-12-24T12:34:49.992560+00:00,0x682eab4240aa6bf9de758237299dbadd69ffa63255078d79dc646a8027571ada,39160819992607033404039190777202230223060784374840646572116040474529727320071,,Up,buy,24,0.52
2025-12-24T12:34:50.376690+00:00,0x2add43cd6c5659aa70eb6884e5ca9d25b78c010d1ba9e50081181ed5cddf8f3e,39160819992607033404039190777202230223060784374840646572116040474529727320071,,Up,buy,24,0.52
2025-12-24T12:34:50.758633+00:00,0x02fcf1eb83e39dcddc7e826f27ac0a567b6cf7e03c07eaf543fd5d0c91fb6170,39160819992607033404039190777202230223060784374840646572116040474529727320071,,Up,buy,24,0.52
2025-12-24T12:34:51.178229+00:00,0x618b8d73c17533eb91b075d712693df6611dac908d30cbcf0bf0e0a0589740fb,39160819992607033404039190777202230223060784374840646572116040474529727320071,,Up,buy,24,0.52
2025-12-24T12:34:51.591102+00:00,0x4e1eb6111add778af6e3edf634dfc40f2ab113b0d2381a74f7005a9ed596a76a,64047809649046609347541430679276006820493270177533058759880353853936646382402,,Down,buy,7.35,0.47
2025-12-24T12:34:51.963912+00:00,0xf1ff77875f2033c106ac16f0a2e4080aea841ff94f1b8f68e1b2ec0cda1b43e5,25350044980173657547438079463839499612160074771777583101213184618740679879238,,Up,buy,10,0.58
2025-12-24T12:36:16.116327+00:00,0x818180fcac96b4b83ee9355021c756cbd231d78c3a31aebbe3a9ccabcc9a8142,64047809649046609347541430679276006820493270177533058759880353853936646382402,,Down,buy,24,0.32
2025-12-24T12:36:16.629332+00:00,0xf4b9ef3b5da1fe0b1b5b6cf2ccaefefac40c5eb3a3aba21cf0493c408f2eae5a,64047809649046609347541430679276006820493270177533058759880353853936646382402,,Down,buy,24,0.32
2025-12-24T12:36:17.022379+00:00,0x61bb2142719f60cd406bb2ac0c71b5c6d58fc11fcbf05354e70189c21c9d7508,64047809649046609347541430679276006820493270177533058759880353853936646382402,,Down,buy,24,0.32
2025-12-24T12:36:17.436717+00:00,0x20756b7b36fe6289e54256bc6708a4f70f28ecf3a6ffe76765417772d1169f0d,39160819992607033404039190777202230223060784374840646572116040474529727320071,,Up,buy,13.33,0.7
2025-12-24T12:36:17.817084+00:00,0xf5876b4cd99025a8a7e6f8894912a56cbc64a234047eeb50b60fc733f0d012dd,25350044980173657547438079463839499612160074771777583101213184618740679879238,,Up,buy,16,0.74
2025-12-24T12:36:18.225892+00:00,0x9715d1f72457e6e85256467c64d92b2919f6bbb257f198583091c6f5ba7c3c1c,25350044980173657547438079463839499612160074771777583101213184618740679879238,,Up,buy,16,0.74
2025-12-24T12:36:18.598816+00:00,0x9855a07a71e0af5151cbbfc42c8352ca5ec4102ba4f7d339b733fd77e0957614,25350044980173657547438079463839499612160074771777583101213184618740679879238,,Up,buy,8,0.74
2025-12-24T12:36:19.008788+00:00,0x2a7c3fd047298eae6c07e733ded3135f61a065323858d879dd21c3982c132638,25350044980173657547438079463839499612160074771777583101213184618740679879238,,Up,buy,16,0.74
2025-12-24T12:38:27.185565+00:00,0xf4c9b27070476dbe5090d8889264d37e9879beefc5d3c9974574ebb645e8a5ca,39160819992607033404039190777202230223060784374840646572116040474529727320071,,Up,buy,24,0.75
2025-12-24T12:38:27.540044+00:00,0x9f2b61b54408f263446db80a7d1f794743d8cfd25a264ccd6f03e862eafc5653,39160819992607033404039190777202230223060784374840646572116040474529727320071,,Up,buy,24,0.75
2025-12-24T12:38:27.888834+00:00,0x13c20273a25e422023d237e547c8ebdb5b186de41e04b800eb5e90a687154817,39160819992607033404039190777202230223060784374840646572116040474529727320071,,Up,buy,24,0.75
2025-12-24T12:38:28.236431+00:00,0x258aafec10ccff23e64b79f4b2ed2f13f1a40feb71ddb8bd4c2e2f30c69bdf67,39160819992607033404039190777202230223060784374840646572116040474529727320071,,Up,buy,24,0.75
2025-12-24T12:38:28.587445+00:00,0x7d2e1709c084c2bf3c6a677dc7dcbf6c5d9d5b37ce11ee5c361c6bea933ac114,64047809649046609347541430679276006820493270177533058759880353853936646382402,,Down,buy,24,0.18
2025-12-24T12:38:28.928104+00:00,0x0a60ec9dee36a3cd4a15be23dc75bd05257238a6f43eccc9749ccdfd57c8b097,39160819992607033404039190777202230223060784374840646572116040474529727320071,,Up,buy,24,0.8
2025-12-24T12:38:29.274358+00:00,0xa323f2b57a658f3cd04c99f9b0bbb002e38559452420612c1042ad23322205f6,25350044980173657547438079463839499612160074771777583101213184618740679879238,,Up,buy,16,0.82
2025-12-24T12:38:29.632155+00:00,0xf7a840f3175d4ef78d061fef9e2259f1127b4bc54e26a719b217ee10360f2c88,25350044980173657547438079463839499612160074771777583101213184618740679879238,,Up,buy,16,0.82
2025-12-24T12:38:29.988846+00:00,0x5cc4cffb92cd7dd748f99613ea46f88cc03f19f06d276a8848f6302a90a234aa,25350044980173657547438079463839499612160074771777583101213184618740679879238,,Up,buy,16,0.82
2025-12-24T12:38:30.361927+00:00,0x759a5de3d5821c67a40bbee290276d4e4eb1427edcf93a0396d8ba2129fbad26,39160819992607033404039190777202230223060784374840646572116040474529727320071,,Up,buy,14.97,0.82
2025-12-24T12:38:30.708408+00:00,0xa3dffb9b82e2648e2cbfca99a291343aff4652375c207b691753acd4bbd22f24,25350044980173657547438079463839499612160074771777583101213184618740679879238,,Up,buy,10.92,0.82
2025-12-24T12:38:31.068931+00:00,0x17e0b4e7b27b2cbb930e492a1c5c0f2a5256cd92717066f162742c50b7b35884,25350044980173657547438079463839499612160074771777583101213184618740679879238,,Up,buy,16,0.82
2025-12-24T12:38:31.413923+00:00,0x0a4f31106735a45328bc01dc89e05214fbaa4fc91c80b2034046d608d17a86da,25350044980173657547438079463839499612160074771777583101213184618740679879238,,Up,buy,16,0.82
2025-12-24T12:38:31.746693+00:00,0x4679d18ba6af9c8290cad9b4f3d430e751f2f8ae395390b8caa3a6bf538c9eac,25350044980173657547438079463839499612160074771777583101213184618740679879238,,Up,buy,16,0.82
2025-12-24T12:38:31.747490+00:00,0x41ed75916a4cf4f88004df84addf6f0bcae0b26006cfa5260673f43b245c7023,13062017514367036712132507234695240485814201170416867518423143001977070910309,,Down,buy,16,0.28
2025-12-24T12:38:32.084281+00:00,0xa39421f217dab7b4e7d91cd579f8aa7ea0723da698a8525508ea89bc33428ca4,13062017514367036712132507234695240485814201170416867518423143001977070910309,,Down,buy,16,0.28
2025-12-24T12:46:41.623655+00:00,0xf95fa0c7ffcecd7a56a3c8bc8b1e962b6919c5943940ebdeb2670375eda3fef0,114125299179090236629550514677244171525319332763148370262201691210556983609814,,Down,buy,24,0.76
2025-12-24T12:46:41.623758+00:00,0xdc8182c9cf2680b5e3b5a12ce6c0939edfb3a9e58c0a7b690ab88bc88aec6b0f,114125299179090236629550514677244171525319332763148370262201691210556983609814,,Down,buy,24,0.76
2025-12-24T12:46:41.623816+00:00,0x3d4081368fdfb61aae7844c994ac0b93cd86bbc74577956a15fa56f68a6d1822,114125299179090236629550514677244171525319332763148370262201691210556983609814,,Down,buy,24,0.76
2025-12-24T12:46:41.623860+00:00,0xa10fb0952c1e21749e5a0c450ff84adfed9a30221bdb6f265ee8ad4ab3508c68,114125299179090236629550514677244171525319332763148370262201691210556983609814,,Down,buy,24,0.76
2025-12-24T12:46:41.623902+00:00,0x45031342744a928a19679bcc1fe721c4c58308b67b1bdb030c61d93b34fdff26,114125299179090236629550514677244171525319332763148370262201691210556983609814,,Down,buy,24,0.76
2025-12-24T12:46:41.623940+00:00,0x4a3269ec9c457f66f12ea8d70e8b3208b40fb5fde27f55793328ada8ae266f8d,114125299179090236629550514677244171525319332763148370262201691210556983609814,,Down,buy,24,0.76
2025-12-24T12:46:41.623984+00:00,0xcca2d0d7481956b2f05c0a6419ecb95463d3868cf76f6215a50436d7013f881c,114125299179090236629550514677244171525319332763148370262201691210556983609814,,Down,buy,24,0.73
2025-12-24T12:46:41.624028+00:00,0xfc3b9afecf2841beb358552145e8ecb8381dddeb57f66d5d1790bb5358efb509,64485409345784576848662970562316324729763372567156390914000317042047367221171,,Down,buy,1.65,0.72
2025-12-24T12:46:41.624073+00:00,0xb651ca817bec263d2ab44d37adb07aec85bc3063484b95262ad06355f71d8da5,16568501516876455024403561364889771937529807394778384605123578794829652239663,,Up,buy,6,0.29
2025-12-24T12:46:41.624113+00:00,0xdd43793f716200bbf49a4303fb62e905ef98452d17468791f8f67a44c037af37,64485409345784576848662970562316324729763372567156390914000317042047367221171,,Down,buy,16,0.6
2025-12-24T12:46:41.624150+00:00,0xd527c27bdb8027de5efe45e89dc1369e588df1ade1d5fa90f46972fdefd741c3,16568501516876455024403561364889771937529807394778384605123578794829652239663,,Up,buy,24,0.38
2025-12-24T12:46:41.624186+00:00,0xf432485dfbe49a0a9be497553fe26bbab84d116dc2d44eeca4acc096be9aac15,16568501516876455024403561364889771937529807394778384605123578794829652239663,,Up,buy,24,0.38
2025-12-24T12:46:41.624225+00:00,0x78356e326b29befe89c9e2d5148ba127819aba4f3e8be29fa6671d57d54c329b,39160819992607033404039190777202230223060784374840646572116040474529727320071,,Up,buy,21,0.95
2025-12-24T12:46:41.624261+00:00,0xd489212a6dd89bf923ecd7528bcb286718d7b7b85229528aaab445d394af628f,39160819992607033404039190777202230223060784374840646572116040474529727320071,,Up,buy,21,0.95
2025-12-24T12:46:41.624295+00:00,0xc49f9ca56ac1f1a1095cc734c2a11905f749451235c9bca755e7004d719fbb96,39160819992607033404039190777202230223060784374840646572116040474529727320071,,Up,buy,21,0.95
2025-12-24T12:46:41.624329+00:00,0xb3602f6d32dad40e9e3230ac65f0fb39af82c92f1d946ecbf35df64c42beeb0f,39160819992607033404039190777202230223060784374840646572116040474529727320071,,Up,buy,21,0.95
2025-12-24T12:46:41.624363+00:00,0x7882a2eba0caa6af9515ac8f305093804a3aeccdd97262b7248a842b3e94cfa9,39160819992607033404039190777202230223060784374840646572116040474529727320071,,Up,buy,21,0.95
2025-12-24T12:46:41.624398+00:00,0xee3f47bba90eb95dd320be1217aa0dc96730123c72b0c9160e03c8cfe1e51066,39160819992607033404039190777202230223060784374840646572116040474529727320071,,Up,buy,21,0.95
2025-12-24T12:46:41.624436+00:00,0xf91cbd41d0e9cc3218ceb149dbcf19940edab8e4c2f1cc135f8cca1cddd174d1,39160819992607033404039190777202230223060784374840646572116040474529727320071,,Up,buy,22,0.94
2025-12-24T12:46:41.624473+00:00,0x818da827ebfc611f710ea1ae30026f5f210eda48cdd8c3501e14c9c4e0740ef2,39160819992607033404039190777202230223060784374840646572116040474529727320071,,Up,buy,22,0.94
2025-12-24T12:46:41.624509+00:00,0x848c7420a9f349b0e75286dd304e3749c1557d5213e68f664ca26196b054eb27,64047809649046609347541430679276006820493270177533058759880353853936646382402,,Down,buy,22,0.08
2025-12-24T12:46:41.624545+00:00,0x71096577bb159f6702f2b51c8bf166f0b7e7b0e15d078ff84bf6732aa8e57e7d,39160819992607033404039190777202230223060784374840646572116040474529727320071,,Up,buy,15.76,0.9
2025-12-24T12:46:41.624583+00:00,0x90c26f547dca14096fe3ab34c583879af190254e6f248c0b454710c0557df127,39160819992607033404039190777202230223060784374840646572116040474529727320071,,Up,buy,22,0.9
2025-12-24T12:46:41.624620+00:00,0x0dc89a7ca979ea67f086df2cec1526594550cd888ca817d8658c5847d77124cb,64047809649046609347541430679276006820493270177533058759880353853936646382402,,Down,buy,23,0.14
2025-12-24T12:46:41.624656+00:00,0x55c687f7049693da8d552b311a298ae7d1719542d09c30d198ac7850944fb77c,25350044980173657547438079463839499612160074771777583101213184618740679879238,,Up,buy,10,0.86
2025-12-24T12:46:41.624692+00:00,0x7496f804304f396dbe67d5936c6533033ab18ebf53ddcaf65fb2ddc40f171993,64047809649046609347541430679276006820493270177533058759880353853936646382402,,Down,buy,23,0.14
2025-12-24T12:46:41.624727+00:00,0x00eb8869c83507acdc14f7201ddeca5a41ce819faac4cc1d1c97eb0d62ce5b26,64047809649046609347541430679276006820493270177533058759880353853936646382402,,Down,buy,23,0.14
2025-12-24T12:46:41.624764+00:00,0x3410fbaa204361324acb64d203f0ede51e4a70dacf767ecaf49270e2b76868ba,64047809649046609347541430679276006820493270177533058759880353853936646382402,,Down,buy,23,0.14
2025-12-24T12:46:41.624798+00:00,0x58333cb56bff5d488e8a63c9cf380199bc3a872e4a67c15806042f5d80cd1aa2,64047809649046609347541430679276006820493270177533058759880353853936646382402,,Down,buy,23,0.14
2025-12-24T12:46:41.624832+00:00,0xa84327d4a3f4e549db0cc734a456c586764264a83b90984d2248318d0c10aefc,64047809649046609347541430679276006820493270177533058759880353853936646382402,,Down,buy,23,0.14
2025-12-24T12:46:41.624866+00:00,0x82e235ba829a960c50d207315471efd4e28ecc2fc5617350a0e9157496dcd442,39160819992607033404039190777202230223060784374840646572116040474529727320071,,Up,buy,23,0.79
2025-12-24T12:46:41.624901+00:00,0x9ecd9dacdab4b80711200e68846fa527bfcf91f5a67c16d6ab5023c368dfe1be,13062017514367036712132507234695240485814201170416867518423143001977070910309,,Down,buy,15,0.12
2025-12-24T12:46:41.624937+00:00,0x070c13ad5e366cab8ba328da1f1ce025957f0536ba5aeabadaf4d334e3d2f651,80928222299220454594974648512219119430444839790582910342810833550417356445135,,Up,buy,13,0.95
2025-12-24T12:46:41.624972+00:00,0x6315456bd790ee2d09a053655610999373040373f89f40b4c2a0ce42a29414f1,64047809649046609347541430679276006820493270177533058759880353853936646382402,,Down,buy,3.82,0.26
2025-12-24T12:46:41.625008+00:00,0x6056a2535453f19bd24dcb1ef2bd7d730de1e8b4ba43e5f34b896432eed70a11,39160819992607033404039190777202230223060784374840646572116040474529727320071,,Up,buy,21.31,0.73
2025-12-24T12:46:41.625043+00:00,0xdf59bb5d194d007feed1c48fce8ccbc559679398470c76b722b801bad590c57c,64047809649046609347541430679276006820493270177533058759880353853936646382402,,Down,buy,5.43,0.27
2025-12-24T12:46:41.625077+00:00,0x8a532090316a9a6a2a99eba4e46b4bcea6f98b85ff3a8115acd0598552fc948f,25350044980173657547438079463839499612160074771777583101213184618740679879238,,Up,buy,15,0.67
2025-12-24T12:46:41.625111+00:00,0x5cb3b53e54342bff91f46983f2032fe2c3d696c3810b0d8e4c2c1d4d373ebbd1,39160819992607033404039190777202230223060784374840646572116040474529727320071,,Up,buy,23,0.7
2025-12-24T12:46:41.625145+00:00,0x13abe4cfcff98db42857d7a93431f443403a78546c23b8d27685db9373cc990d,39160819992607033404039190777202230223060784374840646572116040474529727320071,,Up,buy,23,0.71
2025-12-24T12:46:41.625178+00:00,0xa674e529264f79b170adc0b7b74997871e3bf0f39e1c12197e63b0007bfefd21,64047809649046609347541430679276006820493270177533058759880353853936646382402,,Down,buy,18.7,0.27
2025-12-24T12:46:41.625213+00:00,0x27f004a3ab5ed752efd4181a9d519d63b5c169c85c46502f6d6e8337cbce4461,39160819992607033404039190777202230223060784374840646572116040474529727320071,,Up,buy,23,0.71
2025-12-24T12:46:41.625248+00:00,0x5cf03b579686bfad6d58f93f7b39a5fdad665fa1245c06f3bc3b3d647c390d4b,39160819992607033404039190777202230223060784374840646572116040474529727320071,,Up,buy,23,0.7079260869565217
2025-12-24T12:46:41.625284+00:00,0xb3e3b80c5167cbcb60486a3e9dea5384173b026ed8c1a498f381ad28c5e193d1,25350044980173657547438079463839499612160074771777583101213184618740679879238,,Up,buy,8.5,0.67
2025-12-24T12:46:41.625319+00:00,0xd8fff252c2a065bcc315accc965de8d38586bcc73d5d5d99c04ede98ecfd8754,39160819992607033404039190777202230223060784374840646572116040474529727320071,,Up,buy,23,0.7
2025-12-24T12:46:41.625353+00:00,0xeb73f0d00ff0b62430c1c1d06bbbd0474223204b0939fb34cd5c634ed2d354c8,39160819992607033404039190777202230223060784374840646572116040474529727320071,,Up,buy,23,0.7
2025-12-24T12:46:41.625387+00:00,0x1f121011d961d3e415fa2a2537aa80f9df95c5c8f689fa34881ee3a2a2f07caa,25350044980173657547438079463839499612160074771777583101213184618740679879238,,Up,buy,15,0.67
2025-12-24T12:46:41.625422+00:00,0xbf2e226a8d9c17de0e15ef79da6d61409170b9cb9854cd316d11dd540097cb70,25350044980173657547438079463839499612160074771777583101213184618740679879238,,Up,buy,15,0.67
2025-12-24T12:46:41.625457+00:00,0x123db28c6d70279313c01a69207701c71009a283073fc23191f56ff370fd699f,25350044980173657547438079463839499612160074771777583101213184618740679879238,,Up,buy,15,0.67
2025-12-24T12:46:41.625493+00:00,0x858343c14bbe7e2cdfd63b8be549b6ca81d3e30f945c6c1d15699908711dd9f3,25350044980173657547438079463839499612160074771777583101213184618740679879238,,Up,buy,15,0.67
2025-12-24T12:46:41.625527+00:00,0xb69d82370f38c0c0df1da2b8e7123d1f8fde22161213c9b10045cbbdf6279508,13062017514367036712132507234695240485814201170416867518423143001977070910309,,Down,buy,16,0.33
2025-12-24T12:46:41.625562+00:00,0x67d8a884b9642032bb169a3541deda755d43e21d7f76d2701f5019d26eb978e8,13062017514367036712132507234695240485814201170416867518423143001977070910309,,Down,buy,12.8,0.33
2025-12-24T12:46:41.625596+00:00,0x2c2f8afcffe7bbd9b523f1fbefd8de57ea8c142d68ad90873f6b39f501185380,25350044980173657547438079463839499612160074771777583101213184618740679879238,,Up,buy,7,0.64
2025-12-24T12:46:41.625630+00:00,0x702521e12bf294b033d05560bd86063eef59082a87a2c9f4850526958c8d8a9c,25350044980173657547438079463839499612160074771777583101213184618740679879238,,Up,buy,10,0.63
2025-12-24T12:46:41.625664+00:00,0x28d041ce666135cecc0af4e345a7095a62ed4107f46c76f81519d44867a4e726,13062017514367036712132507234695240485814201170416867518423143001977070910309,,Down,buy,16,0.4
2025-12-24T12:46:41.625698+00:00,0xa1c003052f403efe2469c98e901d8e3aac371332230eac745ed1945364aa0a9a,13062017514367036712132507234695240485814201170416867518423143001977070910309,,Down,buy,16,0.34
2025-12-24T12:46:41.625732+00:00,0x91ab856d2c14807fd8cfa114d2c2852dcd4691829b9beb0c862e32482453a279,39160819992607033404039190777202230223060784374840646572116040474529727320071,,Up,buy,23,0.67
2025-12-24T12:46:41.625766+00:00,0x48e63be7cdef1a4a2478e1e1dc05eff48c9fd5c2315709be6e9a31b07039e248,13062017514367036712132507234695240485814201170416867518423143001977070910309,,Down,buy,12,0.34
2025-12-24T12:46:41.625799+00:00,0x452603528f9422bb54f0e57a7d0dd882fd88835def830a36581581279ed1d8a5,39160819992607033404039190777202230223060784374840646572116040474529727320071,,Up,buy,23,0.6739
2025-12-24T12:46:41.625855+00:00,0x6b2ae0064780c979e4176194cf4ecfea538edd0cc2ed0e8d6811c8150d04ef02,80928222299220454594974648512219119430444839790582910342810833550417356445135,,Up,buy,13,0.92
2025-12-24T12:46:41.625895+00:00,0x8ebfaf8308ec427b349c449907be6c3dcfd9b9b2abea92c0e2d1182d75fcaa2b,80928222299220454594974648512219119430444839790582910342810833550417356445135,,Up,buy,13,0.92
2025-12-24T12:46:41.625933+00:00,0x016a6e4b75b644f3ebc2c29548175a2d12a1eeb71dc5a3a01d786bc86c931947,64047809649046609347541430679276006820493270177533058759880353853936646382402,,Down,buy,23,0.29
2025-12-24T12:46:41.625982+00:00,0x14219811c29c51536470def6791508189773e0e20fef86613d8ed369a330741c,13062017514367036712132507234695240485814201170416867518423143001977070910309,,Down,buy,16,0.28
2025-12-24T12:46:41.626018+00:00,0x7955adc3e59525b87b8335cb472d07297104902b60165accfb4345cbb99c49d9,13062017514367036712132507234695240485814201170416867518423143001977070910309,,Down,buy,16,0.28
2025-12-24T12:46:52.251493+00:00,0x813f393ba5bfac5d6517dbbad3d2df04efdbeaa291e577e62675878eb86c054e,16568501516876455024403561364889771937529807394778384605123578794829652239663,,Up,buy,24,0.24
2025-12-24T12:46:52.320521+00:00,0x4f086df3265cfb1545c2c66cdfbe84ffac3acd316d32209f0aa989b1e5138555,16568501516876455024403561364889771937529807394778384605123578794829652239663,,Up,buy,13.61,0.24
2025-12-24T12:46:52.392889+00:00,0xf2f5272bc3320ad5197dea411fe3958e8baaef0cf69f425c7e23e98de6c22208,16568501516876455024403561364889771937529807394778384605123578794829652239663,,Up,buy,24,0.24
2025-12-24T12:46:52.455909+00:00,0x9305db4c817e7926bec0822ad4ab49b86a206ff1e875777a252ccbc0086bec4a,16568501516876455024403561364889771937529807394778384605123578794829652239663,,Up,buy,24,0.24
2025-12-24T12:46:52.528778+00:00,0x79d0b092c6f6c7b0699ecafe80b98f53b20652a256a064bbb01cd4dcaf857245,114125299179090236629550514677244171525319332763148370262201691210556983609814,,Down,buy,24,0.76
2025-12-24T12:46:52.604276+00:00,0x48e959ba8fb982b4480d3300c68038937b2f84f7b96934a34cd025957e98bfa1,114125299179090236629550514677244171525319332763148370262201691210556983609814,,Down,buy,24,0.76
2025-12-24T12:46:52.663080+00:00,0x5dde49bc08040b31db955c151004ff647403627d92f06cb34b59cac5de9a645c,114125299179090236629550514677244171525319332763148370262201691210556983609814,,Down,buy,24,0.76
2025-12-24T12:46:52.731007+00:00,0x77d00adb5a9af3e81b09a6747659c8cc5f0d566343bcf286fd66acc6f1085252,114125299179090236629550514677244171525319332763148370262201691210556983609814,,Down,buy,24,0.76
2025-12-24T12:46:52.795258+00:00,0xbfa82f1f71d0d17f29b7d05dbdf98f145352fb4fd474704bcce48c9034b72fe1,114125299179090236629550514677244171525319332763148370262201691210556983609814,,Down,buy,24,0.76
2025-12-24T12:48:19.385282+00:00,0xdf14f68ef852b1626421146618d6a84ff6a313e2a11cc00db3c9f87051e3a444,114125299179090236629550514677244171525319332763148370262201691210556983609814,,Down,buy,24,0.75
2025-12-24T12:48:19.518206+00:00,0x06a42b4480b924e8f88e10dbae47403a327cadf17c2c7f8907c839c17220ba5e,114125299179090236629550514677244171525319332763148370262201691210556983609814,,Down,buy,1.5,0.75
2025-12-24T12:48:19.682691+00:00,0xb3a16dffda0e292c84b7dc80d4f11e59c116080c9a7af2d3f5df2dcf13247668,114125299179090236629550514677244171525319332763148370262201691210556983609814,,Down,buy,24,0.75
2025-12-24T12:48:19.814032+00:00,0xd9b74479f65a6c790afc5ae2c21062e715cd7e96a63c0059c40f81e21d24f8d0,114125299179090236629550514677244171525319332763148370262201691210556983609814,,Down,buy,24,0.75
2025-12-24T12:48:19.935482+00:00,0x0a7d0db993c03a2fd53a0c1ef5875263b320d740a7b08d3e7fa99f9930b58eb9,16568501516876455024403561364889771937529807394778384605123578794829652239663,,Up,buy,24,0.24
2025-12-24T12:48:20.056099+00:00,0xe4411d25f9db67d0820e2c9bb4a24ad0f02435d9d7f7930acee91381f1cb6896,114125299179090236629550514677244171525319332763148370262201691210556983609814,,Down,buy,3.67,0.76
2025-12-24T12:48:20.196831+00:00,0x5350885e6213de2f75fd705122b5b71326ae05ff158a7abaec1dfb8f906452b9,16568501516876455024403561364889771937529807394778384605123578794829652239663,,Up,buy,24,0.24
2025-12-24T12:48:20.336463+00:00,0xacb7ef1b6fad4e4457814aec219e24a4c5040a834423e2c14b9730b937f33071,16568501516876455024403561364889771937529807394778384605123578794829652239663,,Up,buy,24,0.22
2025-12-24T12:48:20.491949+00:00,0x943862631fac5736337756f3ef85bbe9429c0f26dace2f45b569542fb5aa485e,114125299179090236629550514677244171525319332763148370262201691210556983609814,,Down,buy,24,0.8
2025-12-24T12:48:20.631860+00:00,0x6266226e31606c7a818632343eafc0be43e838acd956171bb97caad1ff290d0c,114125299179090236629550514677244171525319332763148370262201691210556983609814,,Down,buy,24,0.79
2025-12-24T12:48:20.792062+00:00,0x10205e3218a235ca7348e39a96425713f5ddca716d07a4cc047c4960f6c6c803,114125299179090236629550514677244171525319332763148370262201691210556983609814,,Down,buy,0.19,0.79
2025-12-24T12:48:20.947851+00:00,0xa75e9913105531486d2aee479ce300e588469a12a68debf9a83b573368f32db2,114125299179090236629550514677244171525319332763148370262201691210556983609814,,Down,buy,2.75,0.8
2025-12-24T12:48:21.077010+00:00,0x11e311e327a632ce9b400159f5d392de7abca0e056b6cec622b3a6919e9fcb5e,114125299179090236629550514677244171525319332763148370262201691210556983609814,,Down,buy,24,0.8
2025-12-24T12:48:21.215728+00:00,0x09e54bcc9467f208b46a724770f21b9abaab67cf6aec7858ad2673881f0f283f,114125299179090236629550514677244171525319332763148370262201691210556983609814,,Down,buy,24,0.8
2025-12-24T12:48:21.358118+00:00,0x7e1c2b47ac31a7e31b6bfdfc7a139edde51d4f32004d11e384e356e2e3718da3,114125299179090236629550514677244171525319332763148370262201691210556983609814,,Down,buy,24,0.8
2025-12-24T12:48:21.528355+00:00,0x2707a2fc697c39361048a3ca091268b2e7aea3c22174177a885babe252cdb2be,114125299179090236629550514677244171525319332763148370262201691210556983609814,,Down,buy,24,0.8
2025-12-24T12:48:21.677991+00:00,0x162b9f10f1683643007a30df19cba1dabf12a1e64009058ef13de656897dbfd6,114125299179090236629550514677244171525319332763148370262201691210556983609814,,Down,buy,24,0.8
2025-12-24T12:48:21.806528+00:00,0x27c3c2fc97259dbc00401b00e03f5b12333c374077000a283384ca416faf73de,114125299179090236629550514677244171525319332763148370262201691210556983609814,,Down,buy,24,0.8
2025-12-24T12:48:21.948830+00:00,0x8eb803522f710b5bc232946c1dd9c980c82bd9e859ab8623a97b40445fb5eb9d,114125299179090236629550514677244171525319332763148370262201691210556983609814,,Down,buy,24,0.8
2025-12-24T12:48:22.089118+00:00,0x9a6fe9847f8855b827e6e43355882d8a61e1cccda49d5f3f6ccb2c02b125711c,114125299179090236629550514677244171525319332763148370262201691210556983609814,,Down,buy,24,0.8
2025-12-24T12:48:22.263855+00:00,0x6ce5651d64f66aefd8a8ec142f7264bc1bac22c27fa201d597083c06594513a0,16568501516876455024403561364889771937529807394778384605123578794829652239663,,Up,buy,5.1,0.21
2025-12-24T12:48:22.403228+00:00,0x2d171dd7ca9b4a51a008b4a4872dd564e9bfd497a5fb619cec32466ebcd69389,16568501516876455024403561364889771937529807394778384605123578794829652239663,,Up,buy,24,0.21
2025-12-24T12:48:22.541188+00:00,0x25fb93c96d342a6d06d5fe3b6cafd3afbf3066ce04eaa6204dfd4d09e1795dc9,16568501516876455024403561364889771937529807394778384605123578794829652239663,,Up,buy,15,0.22
2025-12-24T12:48:22.659904+00:00,0x68240f08f924b4e65979ed13a527d4c4eda1905e5f0c036062896750930dd4e0,16568501516876455024403561364889771937529807394778384605123578794829652239663,,Up,buy,24,0.23
2025-12-24T12:48:22.792667+00:00,0xe2e7ded6d350c10eb169961f5fea07facbb778c8eefaf6025117bfe4dd3f4157,114125299179090236629550514677244171525319332763148370262201691210556983609814,,Down,buy,1.27,0.77
2025-12-24T12:48:22.933540+00:00,0x463988d14f650d8256b10a62b53c0cd2df77554c0997a8f12aaee6e6acf7dcbb,64485409345784576848662970562316324729763372567156390914000317042047367221171,,Down,buy,16,0.77
2025-12-24T12:48:23.067311+00:00,0x24155c240bd9d9821f8efa20b7ae4d2558720f0ac220f0eb8f4ba2d34642aed6,64485409345784576848662970562316324729763372567156390914000317042047367221171,,Down,buy,15.68,0.77
2025-12-24T12:48:23.199257+00:00,0x09e92b73cafa37de3de23e37ed460102d36568c85721a47f3a6be8ad92dca066,108280814001000452467340773337951277922106848321512048542827826233063322756358,,Up,buy,16,0.22
2025-12-24T12:48:23.343179+00:00,0xda937f593b27a4763eb956d1ba74552ed4a836eecc083694a4262ad89ea98d88,108280814001000452467340773337951277922106848321512048542827826233063322756358,,Up,buy,16,0.22
2025-12-24T12:48:23.502724+00:00,0x3b0c4a4fdb0c36e07fd5a2f8cb7fffd8def8742325634b84d3ad5438576052f2,108280814001000452467340773337951277922106848321512048542827826233063322756358,,Up,buy,16,0.22
2025-12-24T12:48:23.651713+00:00,0x0f68c738d4d83bd9e13b3d8b0139ac63e6bb79d4bd3f2ffd72c2e3cda001d8a9,108280814001000452467340773337951277922106848321512048542827826233063322756358,,Up,buy,16,0.22
2025-12-24T12:48:23.779389+00:00,0x328c18a2399e8acf08e0cd92baeb4b6b2277d499dfc0634b3aacbe3c32778bec,108280814001000452467340773337951277922106848321512048542827826233063322756358,,Up,buy,16,0.22
2025-12-24T12:48:23.927893+00:00,0xebffe372dfa73f647742fbf3dfa8404964e7714f8b9f84576720567ca56952f6,16568501516876455024403561364889771937529807394778384605123578794829652239663,,Up,buy,24,0.19
2025-12-24T12:48:24.081461+00:00,0xec498b1cdaec051d881a36b8505f93bcf907e9bd99988b63c1611c1f8f1b55b0,16568501516876455024403561364889771937529807394778384605123578794829652239663,,Up,buy,24,0.19
2025-12-24T12:48:24.237507+00:00,0xbc80a866c30b71989c8513c0c248b995156fc5d282fb4afae89124b759f69b32,16568501516876455024403561364889771937529807394778384605123578794829652239663,,Up,buy,20.47,0.17
2025-12-24T12:48:24.382080+00:00,0xfdf57de9998072880d4915b56b7bad0a9acac12d8f8ae3ed3854f70b38a24ff5,64485409345784576848662970562316324729763372567156390914000317042047367221171,,Down,buy,9.11,0.8
2025-12-24T12:49:48.460980+00:00,0xff7c97d4b8acb1afad8d48f48aed446c87220c63ea2bdd1998242687e35788a3,108280814001000452467340773337951277922106848321512048542827826233063322756358,,Up,buy,16,0.19
2025-12-24T12:49:48.779505+00:00,0x928de3bd3171bd04fe944c2211534500380d591084526d51a97282272e533997,108280814001000452467340773337951277922106848321512048542827826233063322756358,,Up,buy,6.39,0.19
2025-12-24T12:49:48.906363+00:00,0x7559826d3a86cb82e69278846485abf55ede0ef0ea2d0aed93e3c42b122c430d,64485409345784576848662970562316324729763372567156390914000317042047367221171,,Down,buy,14.66,0.81
2025-12-24T12:49:49.029029+00:00,0xf4b7bff48509ad2d749ddf52219bd6976edb8fe1f9ee29e638cf1be487da1e98,114125299179090236629550514677244171525319332763148370262201691210556983609814,,Down,buy,24,0.88
2025-12-24T12:49:49.147470+00:00,0x1c325a040c1136419006c3e7166ed164c424f000a295f094896c283bd655335a,11895376756022161229226024883088432774805807641614752819160076612922318434959,,Down,buy,16,0.08
2025-12-24T12:49:49.287702+00:00,0x6216bbe3ca88ee8eb2d2f29d1a922de1d327a0fecfea7be9994d3dc7ca419988,11895376756022161229226024883088432774805807641614752819160076612922318434959,,Down,buy,16,0.07
2025-12-24T12:49:49.421517+00:00,0x523503705b92e0994ca16b5c9874b6f73b1ba5c4f86f6249178aba302d7c9136,114125299179090236629550514677244171525319332763148370262201691210556983609814,,Down,buy,24,0.88
2025-12-24T12:49:49.542400+00:00,0x8dd1080a4623c4bb623160b9bf11a03890db5d23034d67765c9d2efda9aaaf06,108280814001000452467340773337951277922106848321512048542827826233063322756358,,Up,buy,16,0.14
2025-12-24T12:49:49.660265+00:00,0x4b1c31b90296644a99409cf3dc433d5ae40235722dd91c1c4ea8c2f111229315,108280814001000452467340773337951277922106848321512048542827826233063322756358,,Up,buy,16,0.14
2025-12-24T12:49:49.781455+00:00,0x5add4d05844300be915f26ed2f32164455f0609d916c240ecb45e8c1d2437894,16568501516876455024403561364889771937529807394778384605123578794829652239663,,Up,buy,0.69,0.12
2025-12-24T12:49:49.910574+00:00,0x24f630367870d1e98bd05d3fd3fe0b5212ea9cc383bbfa356d7d17c37c5ae937,108280814001000452467340773337951277922106848321512048542827826233063322756358,,Up,buy,16,0.13
2025-12-24T12:49:50.026061+00:00,0xbaf986a4e53cf55f47da1684908501094d7a84b4f3904afe303572e6a30074da,16568501516876455024403561364889771937529807394778384605123578794829652239663,,Up,buy,24,0.11
2025-12-24T12:49:50.152568+00:00,0x1791aed1821d8dcdd6ed14191f43e1f38e9fdd86a9e562dcc73e6c08b28fea65,16568501516876455024403561364889771937529807394778384605123578794829652239663,,Up,buy,24,0.11
2025-12-24T12:49:50.271349+00:00,0x53b34e2cd4beb0ffe5610ea9444f6b01644eafdccc9db2ba8cf96992087581d1,64485409345784576848662970562316324729763372567156390914000317042047367221171,,Down,buy,11.53,0.88
2025-12-24T12:49:50.393903+00:00,0x7c9bb0d8ce0095b96ed1d02f385e1782a894127d62482c09108f292178b882a9,16568501516876455024403561364889771937529807394778384605123578794829652239663,,Up,buy,7.93,0.11
2025-12-24T12:49:50.519674+00:00,0x9dd0e12c840b12fb3b81e49891b52d2ac3eef637be1b4b5b4dedaece802bf177,64485409345784576848662970562316324729763372567156390914000317042047367221171,,Down,buy,16,0.88
2025-12-24T12:49:50.635312+00:00,0xa68284bd2636f422e53566181f7a2c7d7f369cdbdfddea60cde7b9fb54f74544,64485409345784576848662970562316324729763372567156390914000317042047367221171,,Down,buy,16,0.88
2025-12-24T12:49:50.755938+00:00,0x7ea1c7c9800eaa7d55e8d658df79d29289a0ae1a768b2d69405fd5f8f8aae972,16568501516876455024403561364889771937529807394778384605123578794829652239663,,Up,buy,19.43,0.1
2025-12-24T12:51:19.101243+00:00,0x172d9fdeefdec8d1aa9ee37242e1a2f4acb45cf5bb455837c6983aa153611e7b,16568501516876455024403561364889771937529807394778384605123578794829652239663,,Up,buy,24,0.1
2025-12-24T12:51:19.585979+00:00,0x3f58412d287831da8efbda563f9184387b19602dd58b5bf88bda63658d3eafe9,108280814001000452467340773337951277922106848321512048542827826233063322756358,,Up,buy,8,0.09
2025-12-24T12:57:02.389593+00:00,0x2fcfdb9769dd7c400fae7825cd63f22cf4e3d78513eb1f5e4cdbbaf0dec19b98,108280814001000452467340773337951277922106848321512048542827826233063322756358,,Up,buy,13,0.74
2025-12-24T12:57:02.389807+00:00,0x29004967876a017185f83f906c953da18a10a04f45e2cf0dbb31f3ad856ae2e3,108280814001000452467340773337951277922106848321512048542827826233063322756358,,Up,buy,13,0.74
2025-12-24T12:57:02.389987+00:00,0x5b9147b8981485e8c68e778577c2bac9ed5ba27ab7e6069e7ec9ce34e32ebe5c,16568501516876455024403561364889771937529807394778384605123578794829652239663,,Up,buy,19,0.4
2025-12-24T12:57:02.390116+00:00,0x33c9386f4588c5cb56f61cf52d34ec999bc3ea2f25a39c32ec10b348f13fa8db,108280814001000452467340773337951277922106848321512048542827826233063322756358,,Up,buy,13,0.74
2025-12-24T12:57:02.390228+00:00,0x39c4dd7f6386d61596013100a63cf3d5ce4a2aaccecc825debbd5b6343790157,16568501516876455024403561364889771937529807394778384605123578794829652239663,,Up,buy,19,0.38473684210526315
2025-12-24T12:57:02.390330+00:00,0x8f787a19174c56de02fc91f821ddf8a059777a368aa4ea706e58e88f37b53e73,16568501516876455024403561364889771937529807394778384605123578794829652239663,,Up,buy,20,0.37
2025-12-24T12:57:02.390429+00:00,0xe43872c383c257af1356168ce532960d10d3b89dfc0efdac71633cfb53b1c186,16568501516876455024403561364889771937529807394778384605123578794829652239663,,Up,buy,20,0.37
2025-12-24T12:57:02.390540+00:00,0xad7fa6968346c0e6cf7d2f1791693439579a2032f857f5c915acd99a77203674,16568501516876455024403561364889771937529807394778384605123578794829652239663,,Up,buy,20,0.39
2025-12-24T12:57:02.390644+00:00,0x5a26c8c213dfb7e27b5668fc55005e64ec398135ecacddc90034e904b79cc3a6,16568501516876455024403561364889771937529807394778384605123578794829652239663,,Up,buy,20,0.4
2025-12-24T12:57:02.390747+00:00,0x12e6dbb5dbb6dff59f9239458f9282af5fa2f64c6ffea0c263ab3bd1898438fc,114125299179090236629550514677244171525319332763148370262201691210556983609814,,Down,buy,18,0.42
2025-12-24T12:57:02.390869+00:00,0xce5eb5800496aff8e14ea7a962d925948ee2af3ce4ce7d4b1136c50102d3fd34,16568501516876455024403561364889771937529807394778384605123578794829652239663,,Up,buy,20,0.51
2025-12-24T12:57:02.390974+00:00,0x8be082c1ce89e863befac6dcbda51284952771ef6f7ffb5c013c88ce3d6652ce,114125299179090236629550514677244171525319332763148370262201691210556983609814,,Down,buy,20,0.45
2025-12-24T12:57:02.391077+00:00,0x955fa5e37e4e0a423839cc9d9ee1fe787329e88d0d9fdced5fb9918336a16613,114125299179090236629550514677244171525319332763148370262201691210556983609814,,Down,buy,20,0.48
2025-12-24T12:57:02.391179+00:00,0x769bbde58f9bc790193db95b930124dc40921211e0ed2bf02175562549892b29,114125299179090236629550514677244171525319332763148370262201691210556983609814,,Down,buy,20,0.48
2025-12-24T12:57:02.391214+00:00,0xc4e4d326a071a426a05ba0dbcd389a3c78074c89bc029b9204a1927ef1edf523,16568501516876455024403561364889771937529807394778384605123578794829652239663,,Up,buy,20,0.5
2025-12-24T12:57:02.391252+00:00,0x21382a678de4babd8fc4749496e4d565badb9976833141dc24f5fa09db4f009e,16568501516876455024403561364889771937529807394778384605123578794829652239663,,Up,buy,20,0.52
2025-12-24T12:57:02.391289+00:00,0x9d5da2f6be131f2cb76d294e62c6d26aee18210c745427ae0b39ff8516e1543e,114125299179090236629550514677244171525319332763148370262201691210556983609814,,Down,buy,20,0.51
2025-12-24T12:57:02.391325+00:00,0xaefe278ef3e65fe6281f897896d0b44bef4ca3df545c341be208cfaef3934e1f,108280814001000452467340773337951277922106848321512048542827826233063322756358,,Up,buy,11.6,0.78
2025-12-24T12:57:02.391362+00:00,0x19b34eaf6ecb581142086f838b5b637ea28a08bd50d5c4c5663e77167bb153b0,108280814001000452467340773337951277922106848321512048542827826233063322756358,,Up,buy,13,0.78
2025-12-24T12:57:02.391400+00:00,0x7e977241728ea9295bc749678571331cd35569d3238fddc0660a2197e78c8b48,108280814001000452467340773337951277922106848321512048542827826233063322756358,,Up,buy,13,0.78
2025-12-24T12:57:02.391435+00:00,0x961d656c3d922c167347d8b85a86b7914252ae9fbf8dcf616c9ba19bb8d69411,108280814001000452467340773337951277922106848321512048542827826233063322756358,,Up,buy,13,0.78
2025-12-24T12:57:02.391470+00:00,0x1cf084f4815d3cc3aa9c4890b71826e12af63726bb4a0cf9945ea26e2f579750,114125299179090236629550514677244171525319332763148370262201691210556983609814,,Down,buy,20,0.59
2025-12-24T12:57:02.391504+00:00,0xe3f6f12cbaa63ba92251b7f708396ba2564e523fbfcd6764adc0ed89dbbedb05,114125299179090236629550514677244171525319332763148370262201691210556983609814,,Down,buy,10.36,0.57
2025-12-24T12:57:02.391540+00:00,0x909c76402e666ac1274b5d354f28959cb465c7398773a4e88096713f09306789,114125299179090236629550514677244171525319332763148370262201691210556983609814,,Down,buy,20,0.57
2025-12-24T12:57:02.391581+00:00,0x3a86a69c52f060246734b07f449dc04af7954d34a422fec149dc94c766f0c990,114125299179090236629550514677244171525319332763148370262201691210556983609814,,Down,buy,18.01,0.53
2025-12-24T12:57:02.391616+00:00,0xc4c25e8f57ff081bc5ff211f20ae760096c4a37606b9be0584e1c23daaa10a36,114125299179090236629550514677244171525319332763148370262201691210556983609814,,Down,buy,14.04,0.53
2025-12-24T12:57:02.391650+00:00,0x30a34677df8159170d9a4a8fa5eed22b444939d735c4933268835fab529df57c,114125299179090236629550514677244171525319332763148370262201691210556983609814,,Down,buy,21,0.54
2025-12-24T12:57:02.391684+00:00,0xc9747fa8174b371f7be2a2272233353f1a751f6129bba70cfdc5a1a2d0437b81,16568501516876455024403561364889771937529807394778384605123578794829652239663,,Up,buy,21,0.49
2025-12-24T12:57:02.391719+00:00,0x5e80fe74dc19d4a9696724a8f4aff76c62295a4e346bdd89109e3cb327ddd273,16568501516876455024403561364889771937529807394778384605123578794829652239663,,Up,buy,21,0.49
2025-12-24T12:57:02.391753+00:00,0xede23a273e10c1baa72f6a82643c677dcf31297109821cf11e51954a0c2847b0,16568501516876455024403561364889771937529807394778384605123578794829652239663,,Up,buy,21,0.38
2025-12-24T12:57:02.391788+00:00,0x835cd05f43a74abd8e1089d6edb56e90fea0edbc5e0f968441d8a4736713b222,64485409345784576848662970562316324729763372567156390914000317042047367221171,,Down,buy,14,0.3
