recorded_at,tx_hash,asset_id,market,outcome,side,size,price
2025-12-25T09:19:09.065560+00:00,0x81d1bf47aa5c96752477ea2b7433c2088c24bb3f3c87317ac8afc116a1529865,105525985951221774219007143110687524906494836750388678863282588936547365291955,,Up,buy,24,0.39
2025-12-25T09:19:09.065698+00:00,0xd9dc529e6db7fca51cdd9e29d04d04e6533721d3b8f635c16bb19b0deaaa6af1,50020921850582169372798207902423714463984339391703249991082950700813451455751,,Down,buy,15.5,0.74
2025-12-25T09:19:09.065759+00:00,0x8d308ff0041dac4c28f30b0e2af7a1e08e0a3deb8eadcf3e5181c88a66c82a52,64342334339323749913836244190673145356396299253040942444577686437631040016404,,Down,buy,24,0.57
2025-12-25T09:19:09.065803+00:00,0xdce0b275ed38703fa2fd903e5a2c1fa902980ba38bb67d7ae492c9825d450b8d,87451274166460593710948091082228630056524957612262924182526671032263713227790,,Up,buy,15,0.64
2025-12-25T09:19:09.065886+00:00,0x76be13e79058efad90bc7c1115e9390cd924fe59934c31e8cff36fd4a5de0847,94337052394863398354609603108959682242524958734625904201557509725312024363003,,Up,buy,10,0.42
2025-12-25T09:19:09.065930+00:00,0x2647105a82e26704afc5c915bf211576b02e9b11d151a1c3ec0d560c92d32dc4,87451274166460593710948091082228630056524957612262924182526671032263713227790,,Up,buy,16,0.64
2025-12-25T09:19:09.065970+00:00,0x76d0cf10d67a03135325e7d9dabbd156594e3909898079ed8cdc8dc9b9924afe,64342334339323749913836244190673145356396299253040942444577686437631040016404,,Down,buy,24,0.57
2025-12-25T09:19:09.066014+00:00,0x52f810228c8f8405a90c9cf1182c436b6845305f58e678d887d63f4cb95a436e,64342334339323749913836244190673145356396299253040942444577686437631040016404,,Down,buy,24,0.57
2025-12-25T09:19:09.066060+00:00,0x566263e25d40acaae60742dece1554f9f905138a7b723686af1470a8ac7085bc,64342334339323749913836244190673145356396299253040942444577686437631040016404,,Down,buy,24,0.57
2025-12-25T09:19:09.066101+00:00,0x767bbcab2832e1aa4f9df3c23cabd1e0ae938e8b352ca1a28204472faf2317d5,87451274166460593710948091082228630056524957612262924182526671032263713227790,,Up,buy,16,0.64
2025-12-25T09:19:09.066139+00:00,0x1cdef3f753deaf581bbef79809cb6050bc35c1ba59b2dd6065611d3186f5e2b3,64342334339323749913836244190673145356396299253040942444577686437631040016404,,Down,buy,24,0.57
2025-12-25T09:19:09.066175+00:00,0x5ee8a3c3d4b2decb96fff3ad10b7e2b3c8e73cc9c9e337435b68ce7c4a0153f7,64342334339323749913836244190673145356396299253040942444577686437631040016404,,Down,buy,24,0.57
2025-12-25T09:19:09.066211+00:00,0x0a9b728562b8bf40e7716876501794b0e51d4eebc89fb2ed0c69f8ad7f9de9b0,64342334339323749913836244190673145356396299253040942444577686437631040016404,,Down,buy,24,0.57
2025-12-25T09:19:09.066247+00:00,0x7b30e44771fdb92674cdfdf936649d22ad36ba9a7ac2940afda1f7e03556c06f,87451274166460593710948091082228630056524957612262924182526671032263713227790,,Up,buy,16,0.62
2025-12-25T09:19:09.066284+00:00,0x983d0ba16f7833ee3012ed072f1779a0eb0b2ff7098a032c8e725f453c0302a6,105525985951221774219007143110687524906494836750388678863282588936547365291955,,Up,buy,7.08,0.44
2025-12-25T09:19:09.066321+00:00,0x1b17965bce564bc2a13bdb8a52fd459bf61afc43f479904b165267d2e1ce8c28,64342334339323749913836244190673145356396299253040942444577686437631040016404,,Down,buy,24,0.62
2025-12-25T09:19:09.066358+00:00,0xb74a048a5c7e4d6c1e2e3daaef130c4392648f3d54a12481a9f450f53739f498,64342334339323749913836244190673145356396299253040942444577686437631040016404,,Down,buy,24,0.62
2025-12-25T09:19:09.066394+00:00,0x3c284faca378ed0ace6e3d6c8837d8a8c06106d60a9d166528b4164bfa810e7c,64342334339323749913836244190673145356396299253040942444577686437631040016404,,Down,buy,24,0.62
2025-12-25T09:19:09.066431+00:00,0x6ec493359d23b5a76af4a2ee74ef6ba0645b3b50c99b3bb00786e2476d805971,64342334339323749913836244190673145356396299253040942444577686437631040016404,,Down,buy,24,0.62
2025-12-25T09:19:09.066472+00:00,0x3edc9b17ba8deebf640563a2c2bb656a7e9cd228e2f99e285e484557745f3097,64342334339323749913836244190673145356396299253040942444577686437631040016404,,Down,buy,24,0.62
2025-12-25T09:19:09.066508+00:00,0x1f2dfa9724de6880f2ef097df526c3dc0b929b836dfb2b3c3a6cb0835441a427,64342334339323749913836244190673145356396299253040942444577686437631040016404,,Down,buy,24,0.62
2025-12-25T09:19:09.066551+00:00,0x2b4f5986fb3c1b00f62b9c2ef6a428c20a858db3830858dd7903d40ff5096984,64342334339323749913836244190673145356396299253040942444577686437631040016404,,Down,buy,24,0.62
2025-12-25T09:19:09.066588+00:00,0x4313529af22bf385ba0f369cb35d1735ead1d9232889f60da79e9f0b4fd726ee,64342334339323749913836244190673145356396299253040942444577686437631040016404,,Down,buy,24,0.62
2025-12-25T09:19:09.066624+00:00,0x4e207cff684225b31f22b1fd67cd8d22cd37f5385da12e75dbaebc11130a9286,105525985951221774219007143110687524906494836750388678863282588936547365291955,,Up,buy,24,0.42
2025-12-25T09:19:09.066660+00:00,0x39f1bceaa5c2d43f1ecb1f9370a984e292987264c573a357631f474bfb8847c1,50020921850582169372798207902423714463984339391703249991082950700813451455751,,Down,buy,22,0.74
2025-12-25T09:19:09.066698+00:00,0x3c87fffd5c45541667d640b0fe302e386cbbc393ef099c63f692cebbcdd795cc,50020921850582169372798207902423714463984339391703249991082950700813451455751,,Down,buy,22,0.74
2025-12-25T09:19:09.066734+00:00,0x65b528fcadd786516dc2e488918d1f8f58e48b9e4ed4bd5aac34f34caeed8fcc,105525985951221774219007143110687524906494836750388678863282588936547365291955,,Up,buy,24,0.41
2025-12-25T09:19:09.066770+00:00,0x7b2e332d91a9c2bcd27a0cd09c299de9194b309cf5f671c8280fe7d670408f1b,105525985951221774219007143110687524906494836750388678863282588936547365291955,,Up,buy,24,0.41
2025-12-25T09:19:09.066806+00:00,0xf6e3cc3e37bd595e78ef0a244ce10fb47c0ba48e0a4890a67ebd705a7cc09202,103983474668460198238917793281741250013046247325094141509198960145642359672309,,Up,buy,22,0.27
2025-12-25T09:19:09.066842+00:00,0x3fe1a7d1f87d8f9ccd685605770ddcbec705ba0f4bfda7d5682ef29267eaaf91,103983474668460198238917793281741250013046247325094141509198960145642359672309,,Up,buy,22,0.27
2025-12-25T09:19:09.066877+00:00,0x27a744e73955115d001ccb6d0433e65db65ed3fe5fc40382d087667332dd3631,103983474668460198238917793281741250013046247325094141509198960145642359672309,,Up,buy,22,0.27
2025-12-25T09:19:09.066913+00:00,0x64a4ebf764fdbe35fa72d5c61c24bb39242b3ec44c0e46a5e0494e8d2fdccc50,64342334339323749913836244190673145356396299253040942444577686437631040016404,,Down,buy,24,0.63
2025-12-25T09:19:09.066948+00:00,0x462862b687b3ad606031a4cb225844bb49983635a5ee9f87d63096c19534ee5b,14903274108940679556158720509831165701075572102991570298469705544378233847093,,Down,buy,16,0.56
2025-12-25T09:19:09.066984+00:00,0x58cafb8863ec838226bfe725b2de77ff7dc525481f15a745655ec35c5b4142ea,64342334339323749913836244190673145356396299253040942444577686437631040016404,,Down,buy,24,0.58
2025-12-25T09:19:09.067019+00:00,0xe6158d0141ff741483499c3ee1c41d7b5a9f0847dbc5e2b2bedac9de13cf4a06,64342334339323749913836244190673145356396299253040942444577686437631040016404,,Down,buy,24,0.58
2025-12-25T09:19:09.067055+00:00,0x913019f6cb6412d42d64319db57f4f37fcb2800d839521906476a06dc3f3a1ac,64342334339323749913836244190673145356396299253040942444577686437631040016404,,Down,buy,20,0.5825
2025-12-25T09:19:09.067091+00:00,0xeec559ee1bbd1e6818ff5e553ae89336515e047e245747e1587c4de79c5aecb5,64342334339323749913836244190673145356396299253040942444577686437631040016404,,Down,buy,24,0.58
2025-12-25T09:19:09.067126+00:00,0x49791f65043a22bb771893e55932aae86ebe528c0fbb8e9b5ac477ea34833821,64342334339323749913836244190673145356396299253040942444577686437631040016404,,Down,buy,24,0.58
2025-12-25T09:19:09.067161+00:00,0x2ee7e8b3a5b6ffdf8de7b1d34d597e5a56621f930f18b92411ce267fd02c0ee3,64342334339323749913836244190673145356396299253040942444577686437631040016404,,Down,buy,24,0.58
2025-12-25T09:19:09.067196+00:00,0x142ffc9f3bc3d082a05e40eebc18cbd9927cb0bf41d3b9adee2795f78eabc90e,14903274108940679556158720509831165701075572102991570298469705544378233847093,,Down,buy,16,0.51
2025-12-25T09:19:09.067232+00:00,0x6a06fd369619254f4c9b2a00201d892bb8d7e638a315e514d945416658db8aa7,103983474668460198238917793281741250013046247325094141509198960145642359672309,,Up,buy,5,0.31
2025-12-25T09:19:09.067267+00:00,0x97688afc0826013e1a7d6d5f8bae2da24f0fef52a87f0c7c88c4d0644bab07db,64342334339323749913836244190673145356396299253040942444577686437631040016404,,Down,buy,24,0.54
2025-12-25T09:19:09.067306+00:00,0x3546219f96ddd254c151b9d8f3dd6b60035dc9f8790d434ba83cb4c1954a0a65,64342334339323749913836244190673145356396299253040942444577686437631040016404,,Down,buy,24,0.54
2025-12-25T09:19:09.067342+00:00,0xcbdbfeb841d030d192af20864b65e1d86212f6ebfc313beedb59c86c9342ee37,64342334339323749913836244190673145356396299253040942444577686437631040016404,,Down,buy,24,0.54
2025-12-25T09:19:09.067377+00:00,0x879c23c76a0303637698a85f327ba29b5666f9876061da9c032a1f8c371440f0,105525985951221774219007143110687524906494836750388678863282588936547365291955,,Up,buy,24,0.456
2025-12-25T09:19:09.067413+00:00,0xe81df756c43f5b591902157a2f40942990e5c6e8e0cd85500010a4571150c77b,105525985951221774219007143110687524906494836750388678863282588936547365291955,,Up,buy,24,0.46
2025-12-25T09:19:09.067449+00:00,0xfc8195dea5bc694e2d30524ed23c7befbf14ee00387e16ead914ca0a1b03e5cf,87451274166460593710948091082228630056524957612262924182526671032263713227790,,Up,buy,0.74,0.47
2025-12-25T09:19:09.067484+00:00,0xb8c390a5623bcb6503f4f697e9d0b4ee1d90ebc763e001ac12c5055d7271e1b4,105525985951221774219007143110687524906494836750388678863282588936547365291955,,Up,buy,24,0.45
2025-12-25T09:19:09.067519+00:00,0x222e170934a698616807be69403f2d68a0ed54ed30507e715dca3494fbb1c904,105525985951221774219007143110687524906494836750388678863282588936547365291955,,Up,buy,24,0.46
2025-12-25T09:19:09.067553+00:00,0xf92d517be187d299488f9d4262aaed38b3d2a51e89203f8a143d96e58e2c05d0,105525985951221774219007143110687524906494836750388678863282588936547365291955,,Up,buy,5,0.44
2025-12-25T09:19:09.067589+00:00,0xbbbbb9f33db3b5cceab0f6e52a801d871044558f16108d0b41a3b1fbcddd6d95,105525985951221774219007143110687524906494836750388678863282588936547365291955,,Up,buy,6.96,0.34
2025-12-25T09:19:09.067625+00:00,0xd1f038f526ef2705826010c41cd242d0320317132414de0857742bef8efee882,64342334339323749913836244190673145356396299253040942444577686437631040016404,,Down,buy,20.2,0.47
2025-12-25T09:19:09.067660+00:00,0x80b80ae44b61621713b8cceb9db0595761d291c3bbc0d4c7101205578e283a25,103983474668460198238917793281741250013046247325094141509198960145642359672309,,Up,buy,22,0.25
2025-12-25T09:19:09.067696+00:00,0x2f4ed3e6f94ee81fa291c2a87d8837b8e9fb00b9e167f45be8d16463a135b1f7,50020921850582169372798207902423714463984339391703249991082950700813451455751,,Down,buy,22,0.74
2025-12-25T09:19:09.067731+00:00,0xcd9340f699c6a1283a67b932618a83d71321f6cd25231f3d652590f30b5221ce,50020921850582169372798207902423714463984339391703249991082950700813451455751,,Down,buy,22,0.74
2025-12-25T09:19:09.067766+00:00,0xc10ae99febaf61d6b353c7fea6de0a6741b4bdc09fe1f96e2b400c33fc8ba442,22001838715324778301075453573332271587423613506155280192490689300204281433169,,Down,buy,13,0.98
2025-12-25T09:19:09.067801+00:00,0x5427246cfd4c9fb0a181dad1b7021cb9581b8223a14e19625e4708bcf258fa4f,22001838715324778301075453573332271587423613506155280192490689300204281433169,,Down,buy,13,0.98
2025-12-25T09:19:09.067836+00:00,0xc242d80c26eae477fc66239efe6e41148f106b604e8c6d3a76e7218cdd9f78d5,21706522743528376879295604688961109274797256642222674488167834543255344908481,,Down,buy,14,0.65
2025-12-25T09:19:09.067871+00:00,0x1c7f4f5db6950197f8a5bea397e5af8a7cabfbd70da95ac6916295bea6af34ea,21706522743528376879295604688961109274797256642222674488167834543255344908481,,Down,buy,14,0.65
2025-12-25T09:19:09.067906+00:00,0xe337e7aff05512d9461c8ceb65afbc79c67a48701ee222ea3fe2ff2edb4fa886,103983474668460198238917793281741250013046247325094141509198960145642359672309,,Up,buy,22,0.3
2025-12-25T09:19:09.067942+00:00,0x2530ea83a82648fcc49e464b39e3b74fc8506082dadf4dfdf8aec054466d097e,94337052394863398354609603108959682242524958734625904201557509725312024363003,,Up,buy,14,0.35
2025-12-25T09:19:09.067977+00:00,0x6819b0ebcfad1c867693362b6ce115ff3d3f11270ad9113789961d9a7d0c4286,94337052394863398354609603108959682242524958734625904201557509725312024363003,,Up,buy,14,0.35
2025-12-25T09:19:09.068012+00:00,0xe84d71948a57c9af17f3794a430d5cd8040690471f5c37a06d81cbbdcaffdb1b,103983474668460198238917793281741250013046247325094141509198960145642359672309,,Up,buy,22,0.3
2025-12-25T09:19:09.068052+00:00,0x44255f6f1d1cd0b6f370a1df5a3b8d1076dbee59494def66a64416473ec5f757,103983474668460198238917793281741250013046247325094141509198960145642359672309,,Up,buy,22,0.3
2025-12-25T09:19:09.068087+00:00,0xbedf3dda8f7fae57c615db8f32c4c182c8b7b38a1baf07c8fc1337b2386f2e40,94337052394863398354609603108959682242524958734625904201557509725312024363003,,Up,buy,14,0.35
2025-12-25T09:19:09.068123+00:00,0xfbec9e20877957194878112737e271317df4a236d428b196abe2cd33f32aff6c,94337052394863398354609603108959682242524958734625904201557509725312024363003,,Up,buy,14,0.35
2025-12-25T09:19:09.068158+00:00,0xda3f5c8c12b23639df79029b75fb5e5084e657ef7dfdb4cbcb5759b7abecc6f6,32452127541433436353387219540202596744132021379631935945580899663393706442880,,Down,buy,20,0.97
2025-12-25T09:19:09.068193+00:00,0x8fefbfe3c944346e29c5783c2c543464acfccc554573c340b7ad1c6f3b8a710d,22001838715324778301075453573332271587423613506155280192490689300204281433169,,Down,buy,14,0.93
2025-12-25T09:19:09.068228+00:00,0xc1efb101a97cce33da07789368dd1ccaf5cc285b6d228e96c0689186a9ddaab0,22001838715324778301075453573332271587423613506155280192490689300204281433169,,Down,buy,14,0.93
2025-12-25T09:19:09.068263+00:00,0x50bb1527d9045b34576ef6b0ffbe3ee3b42b2c9694828dccb52b1dbfb3598eaf,32452127541433436353387219540202596744132021379631935945580899663393706442880,,Down,buy,0.47,0.96
2025-12-25T09:19:09.068298+00:00,0xe990d8d6d5d00ae4780e159b6af65b05eeb9c0a4d36ae2e2ec328a499069ad89,50020921850582169372798207902423714463984339391703249991082950700813451455751,,Down,buy,22,0.61
2025-12-25T09:19:09.068333+00:00,0x286860bcaad5f82f81e4ddb80247f7f299867c211aac212962e1f60bdc2ee9bf,22001838715324778301075453573332271587423613506155280192490689300204281433169,,Down,buy,14,0.77
2025-12-25T09:19:09.068368+00:00,0x90fdbdc30246e34d3a339040d81f881504aabb4bb64b4a0ebe310a054ce54859,21706522743528376879295604688961109274797256642222674488167834543255344908481,,Down,buy,5,0.56
2025-12-25T09:19:09.068404+00:00,0x0515901f38d2688295b685eb0767ba87a1921edd8d73b7c7514d4ca21a79a2da,22001838715324778301075453573332271587423613506155280192490689300204281433169,,Down,buy,14,0.77
2025-12-25T09:19:09.068440+00:00,0xab7fdc0ab154e5ec3068db4c8766086467d5fc47f2bff4ecea517c1f2fafe8e8,22001838715324778301075453573332271587423613506155280192490689300204281433169,,Down,buy,14,0.77
2025-12-25T09:19:09.068473+00:00,0x1eece5e67e222ba9cb50f4702c676a4d1896fcb69d0333eae7b55aec394834af,22001838715324778301075453573332271587423613506155280192490689300204281433169,,Down,buy,14,0.77
2025-12-25T09:19:09.068506+00:00,0xb77ba77f6bf473aa8ec3eacfcbbe5db041d83e045114bc210bbcf3ca2e101bd4,22001838715324778301075453573332271587423613506155280192490689300204281433169,,Down,buy,13,0.7976923076923077
2025-12-25T09:19:09.068544+00:00,0x8446f3c541ba80ede4a65b052de985a8bf33b011b3c4cddde6582f0fc2b906c2,22001838715324778301075453573332271587423613506155280192490689300204281433169,,Down,buy,15,0.79
2025-12-25T09:19:09.068581+00:00,0xa47f2e3ce0c8b2c8f0e770b33bade552c42244369f57e94dc043ef040bdc9013,32452127541433436353387219540202596744132021379631935945580899663393706442880,,Down,buy,15.73,0.87
2025-12-25T09:19:09.068618+00:00,0xf5d5c8918f7d74d782b045083c21fc8423ab48b19f818ad806958101f953d438,97989394040157908420474378274161169875601342441520368993298458946946260082078,,Up,buy,22,0.12
2025-12-25T09:19:09.068654+00:00,0x62117ebcc090a66ca7fe383dac86c3ed4fabe1fc68cad344184441d9d3928a2a,97989394040157908420474378274161169875601342441520368993298458946946260082078,,Up,buy,22,0.12
2025-12-25T09:19:09.068689+00:00,0x0ed12ecad69fb12206d7d684eaa473a818fa6f5f7b06db0d0977cd0fc4f50769,78835882775953164807945262868300067236440699136474895935635376219960366628996,,Up,buy,15,0.2
2025-12-25T09:19:09.068724+00:00,0x00a871306d7f70a748de701b35ecd97ccf961b20f3951049f8504627ba454cb2,78835882775953164807945262868300067236440699136474895935635376219960366628996,,Up,buy,15,0.17
2025-12-25T09:19:09.068763+00:00,0xde9e6920ef25c70d0d553ccd35afe0bd06d5874ea59e5e89e76f9186fd04ac33,78835882775953164807945262868300067236440699136474895935635376219960366628996,,Up,buy,15,0.17
2025-12-25T09:19:09.068797+00:00,0x401279f48d4e49a27acab49021e3512db2f216100c08bea39528aaac48b1b0dd,78835882775953164807945262868300067236440699136474895935635376219960366628996,,Up,buy,15,0.17
2025-12-25T09:19:09.068832+00:00,0x7f71cad1e9a68cacdfc6f81bcb7448843409cc5a49be74e20c89ada036c90efe,32452127541433436353387219540202596744132021379631935945580899663393706442880,,Down,buy,23,0.86
2025-12-25T09:19:09.068867+00:00,0xf3426bb8e3a81730509dd4a964ef8c16eb7f090f6494076e9d2b9380aee7052e,97989394040157908420474378274161169875601342441520368993298458946946260082078,,Up,buy,23,0.13
2025-12-25T09:19:09.068901+00:00,0x57a86aff263e97d4eb9b73e9661327c25f136d8ac01865e9d1f498e11e8255fd,32452127541433436353387219540202596744132021379631935945580899663393706442880,,Down,buy,23,0.87
2025-12-25T09:19:09.068935+00:00,0xb5f6dd03328804155459686d2185edb66f30031f6c73c1833b63e4169c8e3bd2,32452127541433436353387219540202596744132021379631935945580899663393706442880,,Down,buy,5,0.87
2025-12-25T09:19:09.068970+00:00,0x99ce975f0b9b39a3b6d886e23513fc8f7f26657832cd95bb3c62d2b0ffc7a564,32452127541433436353387219540202596744132021379631935945580899663393706442880,,Down,buy,23,0.87
2025-12-25T09:19:09.069005+00:00,0x3d877ee186cf55ec00f5f5e1edbf95826cef3df8ae5c7f90405b69614c8ac68b,97989394040157908420474378274161169875601342441520368993298458946946260082078,,Up,buy,23,0.13
2025-12-25T09:19:09.069040+00:00,0xca32f35326e0d15f6a11900042d113081d815deb126445df8fbd58fb317107f1,97989394040157908420474378274161169875601342441520368993298458946946260082078,,Up,buy,23,0.13
2025-12-25T09:19:09.069075+00:00,0xf3a9b43a9a9622072598e9e22397e2fc592b29f25d5be77e5634b016613f61f8,78835882775953164807945262868300067236440699136474895935635376219960366628996,,Up,buy,15,0.16
2025-12-25T09:19:09.069109+00:00,0xea9dd9761eb87a7c02eccf59a5fbed9ee79a8fc8385cf5daad80bb4638446f14,78835882775953164807945262868300067236440699136474895935635376219960366628996,,Up,buy,15,0.16
2025-12-25T09:19:09.069144+00:00,0x931db11135c9e9252256819ad20a23733f6c96eb33dc080bec57b49fc29f3e1c,78835882775953164807945262868300067236440699136474895935635376219960366628996,,Up,buy,15,0.16
2025-12-25T09:19:09.069179+00:00,0xb9b429d98d77e1304a38782c65ba980c1ab52ec6670642cecb76c33273bc4cd8,22001838715324778301075453573332271587423613506155280192490689300204281433169,,Down,buy,5,0.83
2025-12-25T09:19:09.069214+00:00,0xf9dc472916dc4a5581f353b170d78d5a495978d1d0348dc0d932eedc4515314e,32452127541433436353387219540202596744132021379631935945580899663393706442880,,Down,buy,23,0.84
2025-12-25T09:19:09.069249+00:00,0xc330ba0fc8a457da02b451a2159502985eb96fa6fd044403bb342f5714d12915,21706522743528376879295604688961109274797256642222674488167834543255344908481,,Down,buy,5.12,0.61
2025-12-25T09:19:09.069285+00:00,0xcde764c94f0803b8a041f2e71796ac2a8d641af751a1f0cb3c5d6a141c18ad0d,22001838715324778301075453573332271587423613506155280192490689300204281433169,,Down,buy,15,0.83
2025-12-25T09:19:09.069319+00:00,0xd692be776192c67edc8fdbaa94a7a53a415dae315bbb4889d51ebcec2b950051,50020921850582169372798207902423714463984339391703249991082950700813451455751,,Down,buy,22,0.62
2025-12-25T09:19:09.069354+00:00,0xdd57e48692b3c9e2b8b43701a161ebc512734fcd046cf31c93cd56720d7eb38d,22001838715324778301075453573332271587423613506155280192490689300204281433169,,Down,buy,10,0.86
2025-12-25T09:19:09.069389+00:00,0xd85f5f137c7ec5fbc8cac3944d31d8fbd64be36e27db389e74cc3cd3d64a0b3d,32452127541433436353387219540202596744132021379631935945580899663393706442880,,Down,buy,23,0.88
2025-12-25T09:19:09.069424+00:00,0x0df5fb482a0d06a664ab50dd1d92423e294484b421b15b8437bdb64760174bb8,32452127541433436353387219540202596744132021379631935945580899663393706442880,,Down,buy,23,0.88
2025-12-25T09:19:09.069459+00:00,0xe9397b145d471a728c3bd3182f91349c606a157434e1ce1e715825af7a0121d7,94337052394863398354609603108959682242524958734625904201557509725312024363003,,Up,buy,5,0.39
2025-12-25T09:19:09.069495+00:00,0xdcff7c12069980144f060981275e2c0151dc105a9bd483431503f2446dab85d7,78835882775953164807945262868300067236440699136474895935635376219960366628996,,Up,buy,3,0.13
2025-12-25T09:19:09.069530+00:00,0xa4c508d09b8a2506008a194ad50fc5964c4d45bd3bb7823cd8bd061adbf0e9d7,78835882775953164807945262868300067236440699136474895935635376219960366628996,,Up,buy,15,0.13
2025-12-25T09:19:09.069564+00:00,0xd36011051bef96ae0cbc1c285e1d1534d92802523e69d46d14d7fee1ddc12934,78835882775953164807945262868300067236440699136474895935635376219960366628996,,Up,buy,15,0.13
2025-12-25T09:19:09.069599+00:00,0x2af0de7976efae8246b0f9aec00864fc92baeaae9aa45af807247fba76a52195,78835882775953164807945262868300067236440699136474895935635376219960366628996,,Up,buy,15,0.13
2025-12-25T09:19:09.069633+00:00,0x1f2d6dc5d95b69a112f023127934f4fdd813f7e0af905ae9dda0b4755e2e35e7,22001838715324778301075453573332271587423613506155280192490689300204281433169,,Down,buy,16,0.89
2025-12-25T09:19:09.069668+00:00,0x82904cf01f4e7813977c89006ec8d2a34335bdc6cbb44c517486ff7627b35547,22001838715324778301075453573332271587423613506155280192490689300204281433169,,Down,buy,16,0.88
2025-12-25T09:19:09.069703+00:00,0xca7b8a9d45c0b54e0f995a2513729c8dd1bbb9e82211f61a65ff3b46aa84464f,22001838715324778301075453573332271587423613506155280192490689300204281433169,,Down,buy,16,0.89
2025-12-25T09:19:09.069738+00:00,0x04a48b70cadd6cc8900d3334d9faf8b2916f9dff7021b5a8f306700d74b748f0,22001838715324778301075453573332271587423613506155280192490689300204281433169,,Down,buy,16,0.89
2025-12-25T09:19:09.069773+00:00,0x977e7197dfe69240ea8938e80c9c42352d5eac637c6231481d5c74affdc62860,22001838715324778301075453573332271587423613506155280192490689300204281433169,,Down,buy,16,0.88
2025-12-25T09:19:09.069808+00:00,0x48a400ee2eb2512c76b907aba97921bd25b52366ed869153e8c1ebbc168629ce,22001838715324778301075453573332271587423613506155280192490689300204281433169,,Down,buy,16,0.89
2025-12-25T09:19:09.069860+00:00,0x6c5d1dfb1885b19fafdd9be85cdcef12b397ad764959a62913cd1fefbacf48ab,22001838715324778301075453573332271587423613506155280192490689300204281433169,,Down,buy,7.53,0.88
2025-12-25T09:19:09.069901+00:00,0x3a4c4238dc4d3028361a557b9fa9b685b63b87b5a0904c33f6b87ca085ea8e9c,22001838715324778301075453573332271587423613506155280192490689300204281433169,,Down,buy,16,0.89
2025-12-25T09:19:09.069937+00:00,0x5b06f44008ddf1f979787fb4d6fcb24ad7e1e62dc7ba4b96d7032947af190c74,22001838715324778301075453573332271587423613506155280192490689300204281433169,,Down,buy,4,0.84
2025-12-25T09:19:09.069973+00:00,0xb84ab8698d369c23c00bd2f724c018cc83e52141448698af4ace24787e5f9020,22001838715324778301075453573332271587423613506155280192490689300204281433169,,Down,buy,16,0.84
2025-12-25T09:19:09.070010+00:00,0x2816aa13c6f78b795ea37e7997990432f96a058a8abc0fc74300d8ea04a6838a,78835882775953164807945262868300067236440699136474895935635376219960366628996,,Up,buy,16,0.15
2025-12-25T09:19:09.070046+00:00,0x6d96ddb48189a4732bbd7e01cdf2f10ebf91e9cec8d597ba2c4d2e08a2049176,22001838715324778301075453573332271587423613506155280192490689300204281433169,,Down,buy,7,0.85
2025-12-25T09:19:09.070081+00:00,0x572c8677884407080f113d5751583cfa08e8d998bdc5cec62814b7e4dc01d631,22001838715324778301075453573332271587423613506155280192490689300204281433169,,Down,buy,7.8,0.79
2025-12-25T09:19:09.070116+00:00,0x961067f6f348dfef5d3210f2a530a5739febeab0d979726d471f17ebc78c2449,22001838715324778301075453573332271587423613506155280192490689300204281433169,,Down,buy,16,0.8
2025-12-25T09:19:09.070152+00:00,0x71304999c0ffb952b1647a1d59fdd73ddc91822f955a20707911eab3d1a34ece,21706522743528376879295604688961109274797256642222674488167834543255344908481,,Down,buy,8,0.58
2025-12-25T09:19:09.070187+00:00,0xcaa958047be0f73527ef5e63e89fa9e1864e76d24348f8d3a0d4db41014c484c,21706522743528376879295604688961109274797256642222674488167834543255344908481,,Down,buy,14,0.58
2025-12-25T09:19:09.070222+00:00,0xa7abe779d1e2a9fef17ba6d11a4f53aff9bb47533416f59f1c0ab5af0f8d66a0,103983474668460198238917793281741250013046247325094141509198960145642359672309,,Up,buy,22,0.4
2025-12-25T09:19:09.070261+00:00,0xe7d7ab634e06e45e7d5339095cb49269df4ece77ec07fdf99b448e07fff9977e,103983474668460198238917793281741250013046247325094141509198960145642359672309,,Up,buy,22,0.4
2025-12-25T09:19:09.070296+00:00,0x703dc30d773aa5ba09cdbaaafa325c7fdbae3c16a11f5eddb7fa1e84e03deb09,103983474668460198238917793281741250013046247325094141509198960145642359672309,,Up,buy,22,0.4
2025-12-25T09:19:09.070331+00:00,0xad85a57e6d613edee95977202239dc9382afc8f4653968290307bdd043de1678,78835882775953164807945262868300067236440699136474895935635376219960366628996,,Up,buy,7,0.22
2025-12-25T09:19:09.070368+00:00,0x816ade42d05f26acdade60f0a1ac6a5ccce8b74962864a0322ec99aab08db359,32452127541433436353387219540202596744132021379631935945580899663393706442880,,Down,buy,24,0.79
2025-12-25T09:19:09.070405+00:00,0xb935697364e6ffe73e1fc11a98385e42320aa8482fbde38a9b8bc80713d48c98,32452127541433436353387219540202596744132021379631935945580899663393706442880,,Down,buy,11.07,0.79
2025-12-25T09:19:09.070440+00:00,0x85c6186299a34c45c1df00fb589c87cfc3dac2cd31ff639cfb0b4860f5886400,32452127541433436353387219540202596744132021379631935945580899663393706442880,,Down,buy,24,0.79
2025-12-25T09:19:09.070476+00:00,0x158497b699266522615d0956d3aaca1cc4130f641ce8f0c7e9c4c491e5c62221,50020921850582169372798207902423714463984339391703249991082950700813451455751,,Down,buy,22,0.6
2025-12-25T09:19:09.070511+00:00,0xdbb165ffce10491fc006483e93eeb687cb32200a1ad73fdf9d0b7259f90f30ed,22001838715324778301075453573332271587423613506155280192490689300204281433169,,Down,buy,16,0.73
2025-12-25T09:19:09.070547+00:00,0x0891b1d5774be4c3310145c654e45299afd5227c78c8cc35f3126d7362ce3b3e,50020921850582169372798207902423714463984339391703249991082950700813451455751,,Down,buy,22,0.6
2025-12-25T09:19:09.070582+00:00,0x0f7dc65b00b79b74d10fd6eb132d4b681377059dff133ca19cbaee07cef5477b,22001838715324778301075453573332271587423613506155280192490689300204281433169,,Down,buy,16,0.73
2025-12-25T09:19:09.070617+00:00,0x561e70ac9930e6d01f10ccd5b8e6b530716b036555cdb604e040b1de21b56bab,32452127541433436353387219540202596744132021379631935945580899663393706442880,,Down,buy,24,0.72
2025-12-25T09:19:09.070651+00:00,0x27324ea88562eafb361ffbf44cbc37501cda5a46809a6e88a0af0712a3a9b81b,50020921850582169372798207902423714463984339391703249991082950700813451455751,,Down,buy,5,0.59
2025-12-25T09:19:09.070686+00:00,0xb3604a72c605a4a5c541d993f87ae76cbb085c8b56f5a328f84b8c69580515a5,32452127541433436353387219540202596744132021379631935945580899663393706442880,,Down,buy,24,0.72
2025-12-25T09:19:09.070721+00:00,0xc80352d8fb20af80d1604ffffd44af97f81cf99fe407495c41f192c72f941e70,32452127541433436353387219540202596744132021379631935945580899663393706442880,,Down,buy,24,0.72
2025-12-25T09:19:09.070756+00:00,0x3c4ba69d91fc04aac652cf000beda20c11805a50c58a7eb8c5e15f87fa46b736,32452127541433436353387219540202596744132021379631935945580899663393706442880,,Down,buy,24,0.72
2025-12-25T09:19:09.070791+00:00,0x779fc24cc641a37981b728e9947de68c5248537f7098be7169050f7607a8bb83,22001838715324778301075453573332271587423613506155280192490689300204281433169,,Down,buy,16,0.66
2025-12-25T09:19:09.070826+00:00,0xbf7a75bab64a8342dd05afd1644c8de04e936fc875215bb25823ac76a5a83c2e,22001838715324778301075453573332271587423613506155280192490689300204281433169,,Down,buy,16,0.66
2025-12-25T09:19:09.070860+00:00,0x708a77413bee8ff04661dd230018af60109dcc4596e6275479ee7dcb2ce5fde6,22001838715324778301075453573332271587423613506155280192490689300204281433169,,Down,buy,16,0.66
2025-12-25T09:19:09.070895+00:00,0x58bfad94e2aff692c7ad794603d6377c5e2f12ae135f21a7c4b5d10cf84a145e,78835882775953164807945262868300067236440699136474895935635376219960366628996,,Up,buy,16,0.36
2025-12-25T09:19:09.070930+00:00,0xc2a5df770cc3bac9b17caccb388587db3655ca5952583b5403a3939200f34428,22001838715324778301075453573332271587423613506155280192490689300204281433169,,Down,buy,16,0.65
2025-12-25T09:19:09.070965+00:00,0xf298d90f1a504c7187f627d39093af2b97cadf4882bb4feb7b1a6b2bce6c77c8,32452127541433436353387219540202596744132021379631935945580899663393706442880,,Down,buy,24,0.67
2025-12-25T09:19:09.071003+00:00,0x2060a5b7e5ad6c279ce142d1cdd11f4e4b30f13b9f5b8d51839905831ad85702,32452127541433436353387219540202596744132021379631935945580899663393706442880,,Down,buy,24,0.67
2025-12-25T09:19:09.071038+00:00,0x21afe29d35932a2be5fe984ebf254c7d57d649e9a0744bb76eca17c6a7822c67,22001838715324778301075453573332271587423613506155280192490689300204281433169,,Down,buy,16,0.65
2025-12-25T09:19:09.071073+00:00,0x26cca1b250de30928cc9f47d51707cf035b3eedf875c6db32a2916b08f72c4d2,22001838715324778301075453573332271587423613506155280192490689300204281433169,,Down,buy,16,0.65
2025-12-25T09:19:09.071108+00:00,0x5c94dfb5534af3c0fec085f9ad7147722f9a6cb42e707e2f5ef1aea9a69887f2,22001838715324778301075453573332271587423613506155280192490689300204281433169,,Down,buy,16,0.65
2025-12-25T09:19:09.071142+00:00,0xa8f685e931d0599c1600ad5cf0a42c06cc5d4ffaa34e7b85417610e2d65389f6,22001838715324778301075453573332271587423613506155280192490689300204281433169,,Down,buy,16,0.65
2025-12-25T09:19:09.071176+00:00,0x75a68db3f8e30e2e1f4003ab69d7a695fefa7bf649e442cffc0dacaf44a413eb,22001838715324778301075453573332271587423613506155280192490689300204281433169,,Down,buy,16,0.65
2025-12-25T09:19:09.071211+00:00,0xa5afef3d73035578b101ebe7373abdc3225823731d00276f3239148b0b50dad5,97989394040157908420474378274161169875601342441520368993298458946946260082078,,Up,buy,24,0.28
2025-12-25T09:19:09.071246+00:00,0x6695104f90c05d3a0e0d950af8dac241109b872670341bec8c3ed9372daa05bd,22001838715324778301075453573332271587423613506155280192490689300204281433169,,Down,buy,16,0.65
2025-12-25T09:19:09.071282+00:00,0x70932ae49f0741628de267b80e59d212dcfc4606aeaf0ae0f4af0a82672a5e3c,97989394040157908420474378274161169875601342441520368993298458946946260082078,,Up,buy,24,0.28
2025-12-25T09:19:09.071317+00:00,0xe4a4d65e4e92ef30a28f70207b2da592966de6ff08ad063d72aa0fd3692d6cf0,97989394040157908420474378274161169875601342441520368993298458946946260082078,,Up,buy,24,0.29
2025-12-25T09:19:09.071352+00:00,0x371272c293da6ba7e27203f788a7a25ee6ea654615c22d71d3e047ee57af4800,22001838715324778301075453573332271587423613506155280192490689300204281433169,,Down,buy,16,0.65
2025-12-25T09:19:09.071387+00:00,0x9176f9a2ce8ca924a600e6aa28643f48b8d92f953b72170c73a899f6e2be81c9,22001838715324778301075453573332271587423613506155280192490689300204281433169,,Down,buy,16,0.64
2025-12-25T09:19:09.071422+00:00,0x233651f3013f564dd528e8ea4ffde296d29675e3b700663c8699d3e2459e9fc1,22001838715324778301075453573332271587423613506155280192490689300204281433169,,Down,buy,16,0.64
2025-12-25T09:19:09.071457+00:00,0x2a175e78297036a35ea2e2c6eb3e0de921570a1f56fac5b88a00036fe8f1ce1c,22001838715324778301075453573332271587423613506155280192490689300204281433169,,Down,buy,16,0.64
2025-12-25T09:19:09.071492+00:00,0x7aa168b419cf66a06490db653b803f4c5a0cfb65231e01bf09a220d0a93a2803,97989394040157908420474378274161169875601342441520368993298458946946260082078,,Up,buy,24,0.34
2025-12-25T09:19:09.071527+00:00,0xc6ccafecb62b54897ef471700228187032c5bb8913aee43c71d58033a50ab702,103983474668460198238917793281741250013046247325094141509198960145642359672309,,Up,buy,10,0.46
2025-12-25T09:19:09.071561+00:00,0xf6f2877eda595efb7d67bf89243c99c8bdd2efbc0a848298453c97493a996fdf,97989394040157908420474378274161169875601342441520368993298458946946260082078,,Up,buy,24,0.35
2025-12-25T09:19:09.071596+00:00,0x489c274487533f2162b93a8b3c612cac5f1bbef9e71d00610184277721299668,97989394040157908420474378274161169875601342441520368993298458946946260082078,,Up,buy,24,0.35
2025-12-25T09:19:09.071630+00:00,0x1595e62abecd825007c2f0ade1c5302134273ea16a65c16abce389d6f4c18f01,97989394040157908420474378274161169875601342441520368993298458946946260082078,,Up,buy,24,0.35
2025-12-25T09:19:09.071665+00:00,0x71841acb14bcf3b21986839beeec285a4eb268db3c69c81c633a27dd659d94b7,97989394040157908420474378274161169875601342441520368993298458946946260082078,,Up,buy,24,0.35
2025-12-25T09:19:09.071700+00:00,0x5e9eb0b790d6f4bc6c974ed3c2e21f3e2ed851fc68877aa1d54f0ce16fcb7f4f,97989394040157908420474378274161169875601342441520368993298458946946260082078,,Up,buy,24,0.35
2025-12-25T09:19:09.071737+00:00,0xf3a1faa8223eeb9e8c7071c083d5dd3025a4471d245e916b362c6d23c783f4d3,32452127541433436353387219540202596744132021379631935945580899663393706442880,,Down,buy,24,0.49
2025-12-25T09:19:09.071771+00:00,0x63c185fe890457bc886707a9b74d2fd07127d11bd377819d12bbd18d1f5eb977,32452127541433436353387219540202596744132021379631935945580899663393706442880,,Down,buy,24,0.49
2025-12-25T09:19:09.071806+00:00,0x0a13cd866e035a680992e0e53d6c0eeeb7c6bb5fbf8fc062ccd8f45fc80c1cae,32452127541433436353387219540202596744132021379631935945580899663393706442880,,Down,buy,24,0.49
2025-12-25T09:19:09.071841+00:00,0xabea3e74b9fcf7ecbbbfa40ac8c705fb9a103f64f60b6a7f0dfbc60eb6fe455f,97989394040157908420474378274161169875601342441520368993298458946946260082078,,Up,buy,18.65,0.46
2025-12-25T09:19:09.071877+00:00,0x396cae078b009afd0972d5d705f091725284c8d46d982fcfd119d588e7dc2f6b,22001838715324778301075453573332271587423613506155280192490689300204281433169,,Down,buy,16,0.53
2025-12-25T09:19:09.071912+00:00,0x867cd07fc1ebdcda7b690ca3ee38e0fe48ad8534c559f7813f01dbcae2850742,94337052394863398354609603108959682242524958734625904201557509725312024363003,,Up,buy,5,0.5
2025-12-25T09:19:09.071947+00:00,0x38626fb9055ba2d87641da06aca1a7d6eca928e010947bc1c1737695689920a9,97989394040157908420474378274161169875601342441520368993298458946946260082078,,Up,buy,24,0.43
2025-12-25T09:19:09.071982+00:00,0xfec3c63fa9a77f364ddeb49cf23ed10b51ac3a7b60e2469dd51229dfafc53add,78835882775953164807945262868300067236440699136474895935635376219960366628996,,Up,buy,16,0.46
2025-12-25T09:19:09.072017+00:00,0x99959904f930592d66b1066487dac26a58a553b7882efe62c565554b13bb1f50,78835882775953164807945262868300067236440699136474895935635376219960366628996,,Up,buy,6,0.44
2025-12-25T09:19:09.072052+00:00,0x89cef7bf77c78227ffcf439396498bdde6f7b6fa687980d0b9e0a7ae1c060572,78835882775953164807945262868300067236440699136474895935635376219960366628996,,Up,buy,16,0.46
2025-12-25T09:19:09.072087+00:00,0xab6160e735b09b4416c70732733e888c3eff6918563fa01c4718d25d4bba06b7,78835882775953164807945262868300067236440699136474895935635376219960366628996,,Up,buy,16,0.44
2025-12-25T09:19:09.072121+00:00,0x452f7622aadf6c00dc84ab3a8af4fef9e4f36f9e9c32607a70080116b3dc6b90,103983474668460198238917793281741250013046247325094141509198960145642359672309,,Up,buy,22,0.48
2025-12-25T09:19:09.072156+00:00,0x5649182c1dcffa17eeb7dc4b4871f604f6b86d3209015b166f2d9c78b8e57e93,103983474668460198238917793281741250013046247325094141509198960145642359672309,,Up,buy,12.05,0.48
2025-12-25T09:19:09.072192+00:00,0xa8ef36f51465cd0400c057239083c46fd15e453cfcb7d0afac249116d1b3f73b,103983474668460198238917793281741250013046247325094141509198960145642359672309,,Up,buy,22,0.48
2025-12-25T09:19:09.072227+00:00,0xd86976b9adf502131e84a6b0f0d91e048df3fa683613f460e36e1b15395dabfd,94337052394863398354609603108959682242524958734625904201557509725312024363003,,Up,buy,12.05,0.46
2025-12-25T09:19:09.072261+00:00,0x3d7129d9ee4d2a250763266514e8cd45d661590c94857c40a5a5d443e896d78a,97989394040157908420474378274161169875601342441520368993298458946946260082078,,Up,buy,24,0.36
2025-12-25T09:19:09.072297+00:00,0x547d42a30738456a77ba23cb62cc1e6eda4c389dba5792d347973f6ad4620d4e,78835882775953164807945262868300067236440699136474895935635376219960366628996,,Up,buy,16,0.33
2025-12-25T09:19:09.072331+00:00,0x01eb38573abd94cb2e3ae6bd932d3016c8c44c9c93a559d1a86f11a7368d24e1,22001838715324778301075453573332271587423613506155280192490689300204281433169,,Down,buy,6.87,0.61
2025-12-25T09:19:09.072366+00:00,0x2ecb555e662371c47f28075854f2a96564fe7dfa7ddd342e471239ced527153f,78835882775953164807945262868300067236440699136474895935635376219960366628996,,Up,buy,16,0.37
2025-12-25T09:19:09.072400+00:00,0xa7b3820deda7add15c1eb8607eefc96d1d2848b6631352896b4a4b0f44ba8f78,78835882775953164807945262868300067236440699136474895935635376219960366628996,,Up,buy,16,0.37
2025-12-25T09:19:09.072435+00:00,0x8fe59b26b702695cab777df9c021a4cb0186fc85e359d10648a10b4e410a9898,78835882775953164807945262868300067236440699136474895935635376219960366628996,,Up,buy,16,0.37
2025-12-25T09:19:09.072472+00:00,0xf83bc49d440bb0095b5e530cbcc4cbeb13d666f19f27cf359d759948bf530f15,50020921850582169372798207902423714463984339391703249991082950700813451455751,,Down,buy,22,0.55
2025-12-25T09:19:09.072507+00:00,0x88a1be606972a93d968c7f5a3ac1551310a0bd2e6d85e1ce46c1ddbf77ae99ff,32452127541433436353387219540202596744132021379631935945580899663393706442880,,Down,buy,24,0.59
2025-12-25T09:19:09.072541+00:00,0x5f4900ca711f97e81a9814625c250998efb44fc0d1abadd90fd087084163ebd4,32452127541433436353387219540202596744132021379631935945580899663393706442880,,Down,buy,24,0.59
2025-12-25T09:19:09.072577+00:00,0xc862946f393d73315d95ad88000fd4fd25dc916cf0ee469804bc886142827499,97989394040157908420474378274161169875601342441520368993298458946946260082078,,Up,buy,24,0.4
2025-12-25T09:19:09.072611+00:00,0xc57c640ae67e44a98f84aacac36c985234612157371d76bb5b2099825305b0c5,97989394040157908420474378274161169875601342441520368993298458946946260082078,,Up,buy,24,0.4
2025-12-25T09:19:09.072646+00:00,0xfb33c15c91e84b27633c38913446dfa6e89661312fb2bbdf30c75e275c09c5b9,97989394040157908420474378274161169875601342441520368993298458946946260082078,,Up,buy,24,0.4
2025-12-25T09:19:09.072680+00:00,0x44d1e44ff765e5c714c0cac0cc3bd6f0a0fada15e70e850d23f4d646a9a71b89,97989394040157908420474378274161169875601342441520368993298458946946260082078,,Up,buy,24,0.4
2025-12-25T09:19:09.072715+00:00,0xf6ed108e78000746b8b606d16600568ae3c20503d9ef2f0b857ab6ce1298ae78,97989394040157908420474378274161169875601342441520368993298458946946260082078,,Up,buy,24,0.4
2025-12-25T09:19:09.072749+00:00,0x229ada7053605b6a5f56572055867810a396b6fe5d7a9d3db0a2196240f8ee0d,97989394040157908420474378274161169875601342441520368993298458946946260082078,,Up,buy,24,0.4
2025-12-25T09:19:09.072784+00:00,0x9b1020c0c008eca5448097b2d025b42b7cdd47130d16b6f3982437189ea721bd,97989394040157908420474378274161169875601342441520368993298458946946260082078,,Up,buy,24,0.45
2025-12-25T09:19:09.072819+00:00,0x62d8a24c8fc818b4ca6a4bf33bc498fa8b34f70037f26273fbe09ce762a025a1,97989394040157908420474378274161169875601342441520368993298458946946260082078,,Up,buy,24,0.45
2025-12-25T09:19:09.072854+00:00,0x214ca04606c9471e4545f515fd443106486bb45908354855f399415ae803f895,97989394040157908420474378274161169875601342441520368993298458946946260082078,,Up,buy,24,0.45
2025-12-25T09:19:09.174469+00:00,0xb2933d1b5d5150dd656f2c58cf399358965af3097d3fba12e6c8da5b41b328f6,64342334339323749913836244190673145356396299253040942444577686437631040016404,,Down,buy,24,0.45375
2025-12-25T09:19:09.174643+00:00,0x87b75225037c47519fb6197b19e716bbd1635cc2cef7bf4cbdc50b323073eb95,64342334339323749913836244190673145356396299253040942444577686437631040016404,,Down,buy,24,0.48
2025-12-25T09:19:09.174771+00:00,0x76dc272d64ea348a9b8c50f58800651a157735250f48b32845c12f73cee5f717,64342334339323749913836244190673145356396299253040942444577686437631040016404,,Down,buy,24,0.48
2025-12-25T09:19:09.180468+00:00,0x4fd9fd78b03fcc06fa7060d8c22265a9a0e7bd34f3cd38b6e0a61af8eae289ad,14903274108940679556158720509831165701075572102991570298469705544378233847093,,Down,buy,5,0.24
2025-12-25T09:19:09.197130+00:00,0x3a4594ffe73ef2269f193369946035565eb96c5ec173835bcb3dbf184a439088,87451274166460593710948091082228630056524957612262924182526671032263713227790,,Up,buy,16,0.67
2025-12-25T09:19:09.197292+00:00,0x6ded077c1e6db4c89706ada65ee931474927dbb0b07efb1ec1e6c863dea29106,87451274166460593710948091082228630056524957612262924182526671032263713227790,,Up,buy,16,0.74
2025-12-25T09:19:09.204612+00:00,0x4600468a8a8ff9d09f3999f637ffbced153bf69ed6673a6b1d88189e3332a538,94337052394863398354609603108959682242524958734625904201557509725312024363003,,Up,buy,10,0.45
2025-12-25T09:19:09.204747+00:00,0x811c935ff186e2b6cbf9bc950c0c2dcbdc7e5e65838eba87865c8df434f5d6cc,94337052394863398354609603108959682242524958734625904201557509725312024363003,,Up,buy,10,0.46
2025-12-25T09:21:22.486330+00:00,0x9bc364fd891d437fdc2673680ad6b7cebfb12892185203f8dd21cae4339d1d87,21706522743528376879295604688961109274797256642222674488167834543255344908481,,Down,buy,12,0.46
2025-12-25T09:21:22.486451+00:00,0x5a23607f157878d9b7b1a3201bf448e933fe693217ce4d50735afc6d2d95f5b6,103983474668460198238917793281741250013046247325094141509198960145642359672309,,Up,buy,22,0.36
2025-12-25T09:21:22.486510+00:00,0x05e556eadfc95a25f362f7bd254c92345034e5c542cb426f653df5b261a63110,64342334339323749913836244190673145356396299253040942444577686437631040016404,,Down,buy,24,0.32
2025-12-25T09:21:22.486556+00:00,0x252ec262c53b2c9f5f17f6bd9f113183749d3035a42dbe73ae549c6994bdf944,14903274108940679556158720509831165701075572102991570298469705544378233847093,,Down,buy,16,0.13
2025-12-25T09:21:22.486596+00:00,0x7df1314da054e64b9ac74abb96b002c048c6f9a2a0ca06396fdedcb0d5daf8ae,14903274108940679556158720509831165701075572102991570298469705544378233847093,,Down,buy,16,0.13
2025-12-25T09:21:22.486634+00:00,0x4554c88ac5aec2400d28a30082d69399fe6af6a3ea2a309191e2e2b90cd289ff,64342334339323749913836244190673145356396299253040942444577686437631040016404,,Down,buy,24,0.32
2025-12-25T09:21:22.486671+00:00,0xaaebc5606b78547bd4e4c32c267ce83862ce1dafb41c361bb02d0652927ad969,64342334339323749913836244190673145356396299253040942444577686437631040016404,,Down,buy,24,0.32
2025-12-25T09:21:22.486719+00:00,0x0b5bf60f869e956eaafb20b4142d8a48902cc3ddde4f4a5bb2a8cc610c866fce,64342334339323749913836244190673145356396299253040942444577686437631040016404,,Down,buy,24,0.32
2025-12-25T09:21:22.486767+00:00,0x2c3fb9009e73086c498119bf49c6f6f5fb6d71708eb8aaa9b547a8338faa594d,64342334339323749913836244190673145356396299253040942444577686437631040016404,,Down,buy,24,0.32
2025-12-25T09:21:22.486810+00:00,0x9f9aa9c2a64e21a96bac964a8a429d0e9d952167a677622be7e276614cb2a7fb,14903274108940679556158720509831165701075572102991570298469705544378233847093,,Down,buy,16,0.13
2025-12-25T09:21:22.486850+00:00,0x88fc5109b0570f31f8e1861f1e6c6fb844a9124c4de82a22aeb473a5677b5d65,105525985951221774219007143110687524906494836750388678863282588936547365291955,,Up,buy,24,0.71
2025-12-25T09:21:22.486889+00:00,0xb6aa2400284248cb34ceb33d43cd6e431a3d43bd55923d84e3a8f8421769c0eb,64342334339323749913836244190673145356396299253040942444577686437631040016404,,Down,buy,24,0.32
2025-12-25T09:21:22.486928+00:00,0x7e6477f67d0d3c34ea9047b4709a0cf442555062651453cc940ae8da0cade30a,105525985951221774219007143110687524906494836750388678863282588936547365291955,,Up,buy,24,0.71
2025-12-25T09:21:22.486966+00:00,0x7a11f4cee1909dc4ed11c6d4e4e5e0c1b4a8604efbf8ad5c5c681835fab22c18,103983474668460198238917793281741250013046247325094141509198960145642359672309,,Up,buy,22,0.38
2025-12-25T09:21:22.487002+00:00,0xaeffaad86ad77b8c2a849033f166931b306b155482ec456fa9f179ed9de1ea33,105525985951221774219007143110687524906494836750388678863282588936547365291955,,Up,buy,24,0.71
2025-12-25T09:21:22.487039+00:00,0x3d7495431b7e98ea6ec0fd41d0add175a91ff41b4f1423f06f1e825683200468,105525985951221774219007143110687524906494836750388678863282588936547365291955,,Up,buy,20.54,0.71
2025-12-25T09:21:22.487075+00:00,0x2eb3ed1921348441a3fdcfd22b53462a4d93b88be28a3dfd7c838c8cd60e6c30,105525985951221774219007143110687524906494836750388678863282588936547365291955,,Up,buy,24,0.71
2025-12-25T09:21:22.487111+00:00,0xe494211d7a465aaaf69536b50bb22d5a8ca892f870c5ee949c5c3254c17b659a,64342334339323749913836244190673145356396299253040942444577686437631040016404,,Down,buy,24,0.32
2025-12-25T09:21:22.487147+00:00,0x79c4eea7409f85ce63eb53a132601a773ea586e378f2f4b422a0fed803199a63,64342334339323749913836244190673145356396299253040942444577686437631040016404,,Down,buy,24,0.32
2025-12-25T09:21:22.487182+00:00,0x01e9158387121d2a65b537766f90b3ebf6bb68e9b21e86706052da4bbf88d286,105525985951221774219007143110687524906494836750388678863282588936547365291955,,Up,buy,24,0.65
2025-12-25T09:21:22.487216+00:00,0xc8ebfa692ea979b5d9e28c063a5502ec3cf51f918d21a140d5453fc8d49dc49d,105525985951221774219007143110687524906494836750388678863282588936547365291955,,Up,buy,24,0.65
2025-12-25T09:21:22.487251+00:00,0xb612b834a41196de071708e227b36b065f057b29e78eaad169729c1e571591f8,103983474668460198238917793281741250013046247325094141509198960145642359672309,,Up,buy,14.85,0.35
2025-12-25T09:21:22.487291+00:00,0xdec81f9c068eff5496868a60c9357d28928ad5fa95af09df31072b8d8a552b2c,14903274108940679556158720509831165701075572102991570298469705544378233847093,,Down,buy,10.55,0.14
2025-12-25T09:21:22.487326+00:00,0xfd45f8ea43aa48051d9ce3005db56a0c4e5e31a1c64efab12a32459a4285aaed,50020921850582169372798207902423714463984339391703249991082950700813451455751,,Down,buy,22,0.64
2025-12-25T09:21:22.487360+00:00,0x59f2fc2704fec77e6c679d6ac95f8e440b282a030b73e42d65b71421965ea2bc,14903274108940679556158720509831165701075572102991570298469705544378233847093,,Down,buy,16,0.15
2025-12-25T09:21:22.487394+00:00,0x7e72c8bfd4350a5f3af559daad6c7e771ac70ee34773337daad44dc3c37376fc,14903274108940679556158720509831165701075572102991570298469705544378233847093,,Down,buy,16,0.15
2025-12-25T09:21:22.487429+00:00,0x26bfc6c79ef5c86a7240a78faaa106a47d31d0aee42dcb04f4551a3f7d5be4e5,14903274108940679556158720509831165701075572102991570298469705544378233847093,,Down,buy,5,0.16
2025-12-25T09:21:22.487463+00:00,0xda0305497d101b22eb0938f102acd15f45b6afd8742c9e482fc22f342f35d1c3,50020921850582169372798207902423714463984339391703249991082950700813451455751,,Down,buy,22,0.64
2025-12-25T09:21:22.487498+00:00,0x207d9650d7bc61b433b64fd6a57b31e8d691d9e85eade5a4005c5f9ee7f913cc,50020921850582169372798207902423714463984339391703249991082950700813451455751,,Down,buy,13,0.64
2025-12-25T09:21:22.487532+00:00,0x7c29937e2b067b92d148ff7d150a54c45f1a4b2e2092fabe3720b022c99737ee,50020921850582169372798207902423714463984339391703249991082950700813451455751,,Down,buy,22,0.64
2025-12-25T09:21:22.487566+00:00,0x6db2094e246c35a4ce3b3857a88bc38ba9e8edef0ec545a32c94083aa504c7f5,50020921850582169372798207902423714463984339391703249991082950700813451455751,,Down,buy,22,0.64
2025-12-25T09:21:22.487601+00:00,0x8413e02d593764cda922885a3daf26e969a7388cda21dd4df8b86fbfd74e5af8,50020921850582169372798207902423714463984339391703249991082950700813451455751,,Down,buy,12.2,0.62
2025-12-25T09:21:22.487637+00:00,0xbd08cfb71288bcd876bf8c137cdf59e6d68b12fc616da67d3f41f7c4e939c640,64342334339323749913836244190673145356396299253040942444577686437631040016404,,Down,buy,5,0.27
2025-12-25T09:21:22.487672+00:00,0xc86c62c2150056a12d0cb0c9021d5ef50e20134d19aac565c5023609d5607ce4,103983474668460198238917793281741250013046247325094141509198960145642359672309,,Up,buy,22,0.35
2025-12-25T09:21:22.487706+00:00,0x8fb4055d7d1c466c83bad34dffe67da4520496de3011127ad8c798779d0a357f,94337052394863398354609603108959682242524958734625904201557509725312024363003,,Up,buy,14,0.53
2025-12-25T09:21:22.487741+00:00,0x5de5061c2a7a4a7b76ecb0f932a01718a7f0f745d278401d6f486f2067a261fe,103983474668460198238917793281741250013046247325094141509198960145642359672309,,Up,buy,22,0.35
2025-12-25T09:21:22.487775+00:00,0x0a1fc1151762f37a96c4bc0338d461aee212e0e7ecb72e39283b91a7dd67b2b6,94337052394863398354609603108959682242524958734625904201557509725312024363003,,Up,buy,14,0.53
2025-12-25T09:21:22.487809+00:00,0x9eb248e9c5992c15dacc9bdb8d2d033980dd13ae718e49c66a02344353432394,105525985951221774219007143110687524906494836750388678863282588936547365291955,,Up,buy,24,0.7116666666666667
2025-12-25T09:21:22.487846+00:00,0x46634c091faa572af080fc8b41549b2f182ee50d26980a24c9bf7596ebd6cc62,94337052394863398354609603108959682242524958734625904201557509725312024363003,,Up,buy,14,0.53
2025-12-25T09:21:22.487880+00:00,0xe191b01fb6623ceb5e6d22c91e5d2a7d9a14a0cbc0cdd219965dc3525fa4dc9b,94337052394863398354609603108959682242524958734625904201557509725312024363003,,Up,buy,14,0.53
2025-12-25T09:21:22.487913+00:00,0x547d82638d1017f684eb1bfa043df628ba2f2ece9a6cb8af878c538ae574a202,94337052394863398354609603108959682242524958734625904201557509725312024363003,,Up,buy,14,0.53
2025-12-25T09:21:22.487948+00:00,0x5bbf8477096e3865d0d936a0228dc8d3bc091cbfef1a0772a68fe7504fa28643,94337052394863398354609603108959682242524958734625904201557509725312024363003,,Up,buy,14,0.53
2025-12-25T09:21:22.487985+00:00,0xf23a7e92d5ff7cb3c260b5e88cef370cbd596abca5f4fddb30bde8b11e3961af,94337052394863398354609603108959682242524958734625904201557509725312024363003,,Up,buy,14,0.53
2025-12-25T09:21:22.488018+00:00,0x7511e4f90fa5aa8ee574d542332afb76ddddfe655e9a7175a7c3b13a2eeaa061,103983474668460198238917793281741250013046247325094141509198960145642359672309,,Up,buy,2.61,0.35
2025-12-25T09:21:22.488054+00:00,0x892b28761322ec567382639eb60a965087a9d64021bbdd4cfdb9f4f1b44f6f7f,14903274108940679556158720509831165701075572102991570298469705544378233847093,,Down,buy,16,0.18
2025-12-25T09:21:22.488088+00:00,0xbae48cf76e58740a8ea24ad671168b71ee934cfa7e54f0876c193829ec74d46d,14903274108940679556158720509831165701075572102991570298469705544378233847093,,Down,buy,16,0.18
2025-12-25T09:21:22.488122+00:00,0x772e811e775b615f663cc5fc80175276e7719b2d37b9c5f9f9be23e2c3a46c4e,14903274108940679556158720509831165701075572102991570298469705544378233847093,,Down,buy,16,0.18
2025-12-25T09:21:22.488156+00:00,0x918109ac3d0a5cb5d889cf04ef88ae9b5bff261e11dec235ee08bf5c65d424d2,14903274108940679556158720509831165701075572102991570298469705544378233847093,,Down,buy,16,0.18
2025-12-25T09:21:22.488190+00:00,0x730b931e285e054743f563bc150746c0899652f34f80884951804e68c9a64c86,14903274108940679556158720509831165701075572102991570298469705544378233847093,,Down,buy,16,0.18
2025-12-25T09:21:22.488224+00:00,0xbaf0f648f59b35112d63b4c280ee8ded31784572405cd8b28bab422e973cd559,105525985951221774219007143110687524906494836750388678863282588936547365291955,,Up,buy,24,0.56
2025-12-25T09:21:22.488258+00:00,0x2148346504daea3a2641b4574c98943f061ad70b0114f71a3713b37d363a3af9,87451274166460593710948091082228630056524957612262924182526671032263713227790,,Up,buy,6.89,0.77
2025-12-25T09:22:01.839418+00:00,0x9fcb12ac42dd61aa99e410046fe66b37579b4a6ba47fb0babe96e10421582bd8,87451274166460593710948091082228630056524957612262924182526671032263713227790,,Up,buy,1.5,0.89
2025-12-25T09:22:01.839722+00:00,0xf4eb4ab2a26b905477900a735c1f9ff71e464c9436235e5eb8e3c942a0fd9977,87451274166460593710948091082228630056524957612262924182526671032263713227790,,Up,buy,16,0.89
2025-12-25T09:22:01.839887+00:00,0xca895cf0b6e3e7f37125d7586e9c18e0653001ae673c9a8ba55834a513705105,87451274166460593710948091082228630056524957612262924182526671032263713227790,,Up,buy,16,0.92
2025-12-25T09:22:01.840032+00:00,0x5988a62615ed544acc0807c9914475620fd5e7ac12f2e0a4c7fbbb53b714ccf9,87451274166460593710948091082228630056524957612262924182526671032263713227790,,Up,buy,16,0.9
2025-12-25T09:22:01.840172+00:00,0xc967be1d6ef72acf15f53371cc178e9a82b22c59a5dd1ddb35191e88f421296e,87451274166460593710948091082228630056524957612262924182526671032263713227790,,Up,buy,16,0.9
2025-12-25T09:22:01.847346+00:00,0xaee0ae1548a5c6f7207936c0738d164b90ea1733712a4ed0e6345e37a79d5c7a,64342334339323749913836244190673145356396299253040942444577686437631040016404,,Down,buy,24,0.26
2025-12-25T09:22:01.851731+00:00,0x13eccfa7399fc1bc0058a6218d08a56154f9c4528a6effae7f60c4ac5481925d,14903274108940679556158720509831165701075572102991570298469705544378233847093,,Down,buy,16,0.1
2025-12-25T09:22:01.851930+00:00,0x3f5779d5ab8c213ea9b04facd06daca6bb0dd1d39c998c0f0fd2b7ead54e31b4,14903274108940679556158720509831165701075572102991570298469705544378233847093,,Down,buy,16,0.1
