recorded_at,tx_hash,asset_id,market,outcome,side,size,price
2025-12-23T11:32:35.681736+00:00,0x0e9ab931dd30c34eac78ca9d9439831c88ad2b797a05248a3772a220d4f254d3,30679116405352046015152067676390308088492879522765490110105462212444423014299,,Down,buy,24,0.61
2025-12-23T11:32:35.681872+00:00,0x01128f440e084061ed0f5ab04856037af60316f32bb757847c719e7d20122dac,30679116405352046015152067676390308088492879522765490110105462212444423014299,,Down,buy,24,0.59
2025-12-23T11:32:35.681927+00:00,0x3cf33d576575c2491bd47d692cf6988bf2f3dcab7dea3012e2c0fe9ab0fe7e67,30679116405352046015152067676390308088492879522765490110105462212444423014299,,Down,buy,6.36,0.59
2025-12-23T11:32:35.681964+00:00,0x7ede43ce83a367f797a0310827e5d2f9133a8c6814537020decfcfc8b6c75a20,58269341435532176450349587560945724943640060422616783561652912117335037213294,,Up,buy,21,0.75
2025-12-23T11:32:35.681998+00:00,0x588e8a054b866766fe7868d0bda36b84f51142c50e058b4e411155f58d3088bb,18488757589738570749894279415211401439427407193539510533022668453101330292160,,Up,buy,24,0.41
2025-12-23T11:32:35.682030+00:00,0x078ba826d2711ccc663f4ac61871c4c8a875a5e3ec95ec0c6d0655e7259dd036,110298197703879037747456355039907926703432542644560238758825285407057895860277,,Up,buy,16,0.56
2025-12-23T11:32:35.682061+00:00,0xaca20cdde05179f233c66ff3af079b05cb1b5dbefdc9772e04f73d95f0dcd501,110298197703879037747456355039907926703432542644560238758825285407057895860277,,Up,buy,16,0.55
2025-12-23T11:32:35.682099+00:00,0x3fd9dcc771fe8f78566436d85a4ed9ae189d40404d89b705e3b17aef85987441,110298197703879037747456355039907926703432542644560238758825285407057895860277,,Up,buy,16,0.56
2025-12-23T11:32:35.682136+00:00,0x5ecbc648f7b5cf96711a39b6fb978778e9c37bf12563029945f7548d6ea720ed,18488757589738570749894279415211401439427407193539510533022668453101330292160,,Up,buy,24,0.52
2025-12-23T11:32:35.682168+00:00,0x651febeb340c63671a2098c79be4cc18039fad8af7dda1871a6bafac94a788d7,110298197703879037747456355039907926703432542644560238758825285407057895860277,,Up,buy,16,0.56
2025-12-23T11:32:35.682198+00:00,0xe5a85cb7582c315c700d1672f9a966c94ad595927b7e728008b3393eef20ceaa,18488757589738570749894279415211401439427407193539510533022668453101330292160,,Up,buy,24,0.51
2025-12-23T11:32:35.682228+00:00,0xf89feca55762f34270adbdcba3f8566f6e0decc251a4e1681367eda4d4cf96f5,8229567979807847181184408438703700682344470468250711203016699114078005224365,,Down,buy,21,0.2
2025-12-23T11:32:35.682259+00:00,0xc022a2d070056a3b1772057b01253a36ebc695eac1bd866827de6bb6b2b8df97,8229567979807847181184408438703700682344470468250711203016699114078005224365,,Down,buy,21,0.2
2025-12-23T11:32:35.682289+00:00,0x6b79809567b42eadbf848b2c361abaece8672849b2c35cd3173f8a7c96c93a9a,30679116405352046015152067676390308088492879522765490110105462212444423014299,,Down,buy,24,0.45
2025-12-23T11:32:35.682319+00:00,0x425d5d7525a6df45119147e54f61c1da20d66fa036f7fdf5aa6d1af1bf9d8e2c,30679116405352046015152067676390308088492879522765490110105462212444423014299,,Down,buy,24,0.45
2025-12-23T11:32:35.682349+00:00,0xba2aa5fe04c0d079a75c76110e626a803924445a497d206fb8f032a4f1b545a8,58269341435532176450349587560945724943640060422616783561652912117335037213294,,Up,buy,21,0.81
2025-12-23T11:32:35.682378+00:00,0xec9aa1bc45e208545cb02406d21549b73995501e28b9720f266714ccbc286b68,58269341435532176450349587560945724943640060422616783561652912117335037213294,,Up,buy,21,0.81
2025-12-23T11:32:35.682407+00:00,0x0401c86a77b8905cf5536d4c631d63e19f804e998451a2b14eab83bfd672a4d8,110298197703879037747456355039907926703432542644560238758825285407057895860277,,Up,buy,16,0.55
2025-12-23T11:32:35.682437+00:00,0xaedd75946d2db1d4140718e08e1e2adf7bdaeafbaaec365f7575ce951ded24d5,110298197703879037747456355039907926703432542644560238758825285407057895860277,,Up,buy,16,0.55
2025-12-23T11:32:35.682467+00:00,0x9b127d6b3cff4dacc08bba2787a295bf696787705aa393db958312d9dd8bbdf3,8229567979807847181184408438703700682344470468250711203016699114078005224365,,Down,buy,21,0.21
2025-12-23T11:32:35.682497+00:00,0x746a35add311e4a208bdad802c0754726cacfa71af268fa002194ff1b0555900,18488757589738570749894279415211401439427407193539510533022668453101330292160,,Up,buy,24,0.49
2025-12-23T11:32:35.682531+00:00,0x2809a344e3236b02f0a21be102d4ef57d90d64d5d0377da63b26aa7fe6fc1083,18488757589738570749894279415211401439427407193539510533022668453101330292160,,Up,buy,24,0.49
2025-12-23T11:32:35.682561+00:00,0x36689aed5355aa961d67552d6b45de25b0273217d83845ef092326654446ede8,8229567979807847181184408438703700682344470468250711203016699114078005224365,,Down,buy,21,0.21
2025-12-23T11:32:35.682590+00:00,0x86288d22b8fc5f41e44cf503d90a82fb423894cc26b9a4185e429ff5a90228f7,8229567979807847181184408438703700682344470468250711203016699114078005224365,,Down,buy,13,0.21
2025-12-23T11:32:35.682619+00:00,0xaf153bb78bc875570a61387413cc1ad0a001f278eeb3a7d1ab5b06a579264a2f,30679116405352046015152067676390308088492879522765490110105462212444423014299,,Down,buy,24,0.45
2025-12-23T11:32:35.682648+00:00,0x65fcb0d444f306bde90d7fe219791effcf295e200e6ce42de803983ad87f923a,30679116405352046015152067676390308088492879522765490110105462212444423014299,,Down,buy,24,0.45
2025-12-23T11:32:35.682677+00:00,0xf42d1d19cb12710235e4567c8a60ca988752e24cd89e23d5465bb0b083e74d89,10300276426311725251977049020215422084250499369174760277036574985109934084093,,Up,buy,14,0.7
2025-12-23T11:32:35.682707+00:00,0x2fb736fc28dce142313cbf53c3a7006975de1458548b95340cf07c688251801d,10300276426311725251977049020215422084250499369174760277036574985109934084093,,Up,buy,14,0.7
2025-12-23T11:32:35.682736+00:00,0xfabe79ea7d14987181616b319c75f8ba231c7c6369587bbaf2d92999c91b5348,10300276426311725251977049020215422084250499369174760277036574985109934084093,,Up,buy,5.6,0.68
2025-12-23T11:32:35.682767+00:00,0x23328a020ac026ebedee04172ed1b5821350dd9d1bf81e6b41b88aa3352c8c7e,84315184645294993621051672196393254433970937525895672087282194644461951818300,,Down,buy,14,0.3
2025-12-23T11:32:35.682796+00:00,0x31b0f4f8fb0814b5901d4821318f9f14d7c19f99d9482e6d0497c1a4efdb8ad3,84315184645294993621051672196393254433970937525895672087282194644461951818300,,Down,buy,14,0.3
2025-12-23T11:32:35.682825+00:00,0xf7224b884efb9fb4d9ae83a4d7d595560490a8a172309b7b4910b76e4c1ce8e4,84315184645294993621051672196393254433970937525895672087282194644461951818300,,Down,buy,14,0.3
2025-12-23T11:32:35.682854+00:00,0xec0f70c1f703cabba20e9edcba56c55078c44899379a467e8315859365fd9a21,84315184645294993621051672196393254433970937525895672087282194644461951818300,,Down,buy,14,0.3
2025-12-23T11:32:35.682884+00:00,0x7a3ef90994a471bb46366da51f9ddba7e61212c5b574e42a9b6c11e647865679,84315184645294993621051672196393254433970937525895672087282194644461951818300,,Down,buy,14,0.3
2025-12-23T11:32:35.682914+00:00,0x326a1a89a5b856acc49edada3cefb8be204908857652d9a07f67e701e962ebc3,84315184645294993621051672196393254433970937525895672087282194644461951818300,,Down,buy,14,0.3
2025-12-23T11:32:35.682944+00:00,0x31161d14188e638bbca23ee807c0148ad7bd75110da50deaa2103686d79e64b3,84315184645294993621051672196393254433970937525895672087282194644461951818300,,Down,buy,14,0.3
2025-12-23T11:32:35.682974+00:00,0xaa2e00820cd8dd5f8f51752e645d200a1380ced6ae248cb6504e46c337280f25,8229567979807847181184408438703700682344470468250711203016699114078005224365,,Down,buy,21,0.21
2025-12-23T11:32:35.683003+00:00,0x89a6aa5dba6d54fdf679b413161d2790e4ddffa093f54e29cecc6f1c31d5068a,84315184645294993621051672196393254433970937525895672087282194644461951818300,,Down,buy,14,0.3
2025-12-23T11:32:35.683033+00:00,0x6d2612b1ef905f4fd413ca4b457103b21818ae4bdd15c1f2891e0d9333a48529,58269341435532176450349587560945724943640060422616783561652912117335037213294,,Up,buy,21,0.76
2025-12-23T11:32:35.683063+00:00,0x61a8c5fcf331c61fab454fe2189915e344a46691ec7a2994308232756e849532,58269341435532176450349587560945724943640060422616783561652912117335037213294,,Up,buy,13.1,0.76
2025-12-23T11:32:35.683092+00:00,0x0b5aa973e612ccda96e478b79d4735ddeb72557fcf098241f9d1486e529445c8,58269341435532176450349587560945724943640060422616783561652912117335037213294,,Up,buy,21,0.76
2025-12-23T11:32:35.683122+00:00,0x6ae44bd68649b63c7ea68aa7b327e1dfce43d19cb32bc93f03d9472893cdeb7f,26617530596271246338644732488459778988407374877367088396777331354105302666279,,Up,buy,15,0.95
2025-12-23T11:32:35.683154+00:00,0x92032cb4785b5be188b06025f06dc4f82d07b865c41ff07aebc19ea0bdf1425f,103711039630936238635817836823580651030095127442000277199468952377113280415457,,Up,buy,10,0.89
2025-12-23T11:32:35.683183+00:00,0x3b3b7ed87a4ab889b23fe29f711cc5e9f018d469b3654f62d5b4c6263b234f0e,10300276426311725251977049020215422084250499369174760277036574985109934084093,,Up,buy,14,0.63
2025-12-23T11:32:35.683214+00:00,0x6b94fbd6772faaaf99dd3d259d98b092756b0b7796e493cfab7fc5bc375fd8a6,103711039630936238635817836823580651030095127442000277199468952377113280415457,,Up,buy,10,0.89
2025-12-23T11:32:35.683243+00:00,0xd80abc41fffaf3a958b3e6ae5b7e4e038cce8ddd241d05526034c45de3c2442a,103711039630936238635817836823580651030095127442000277199468952377113280415457,,Up,buy,10,0.87
2025-12-23T11:32:35.683273+00:00,0x3a5598944553bc0b1e7f1fd86c832f4501bb31cdde747b82c99bfa9517b6d34a,103711039630936238635817836823580651030095127442000277199468952377113280415457,,Up,buy,10,0.89
2025-12-23T11:32:35.683303+00:00,0x8b7bf5251c38a9d456a1fbfba25502155a29640b7d5ed586f3525375f7ae9a49,103711039630936238635817836823580651030095127442000277199468952377113280415457,,Up,buy,10,0.85
2025-12-23T11:32:35.683333+00:00,0x2a237e565ece3d03a014a378a5c854d07ecb4dacb5d7471e5874f6edf7b4e131,26617530596271246338644732488459778988407374877367088396777331354105302666279,,Up,buy,2.95,0.83
2025-12-23T11:32:35.683363+00:00,0x35735660af0c7831fc7f03ce8c133adf0ae52ae2c3f71f21e29c107120f1646e,26617530596271246338644732488459778988407374877367088396777331354105302666279,,Up,buy,18,0.8
2025-12-23T11:32:35.683392+00:00,0xbad6a715030bc0a3c8a87923017fe9051deccf01c7f048459bedcfdf98f02d76,26617530596271246338644732488459778988407374877367088396777331354105302666279,,Up,buy,18,0.81
2025-12-23T11:32:35.683421+00:00,0xc518e1976a28954fd6a8bf554b3166fe5c71c75e27851e2ea52a9cf0d9e54d51,26617530596271246338644732488459778988407374877367088396777331354105302666279,,Up,buy,18,0.81
2025-12-23T11:32:35.683451+00:00,0x61c6ee4c8186d56296c2eb32cbedf9069ec71db712fe6b547ed5f54bc9452711,26617530596271246338644732488459778988407374877367088396777331354105302666279,,Up,buy,18,0.81
2025-12-23T11:32:35.683481+00:00,0x63fd57ba26282a44faf68851b9e5aa6ea67d2d8feacd2dc8b85a9e91825ade11,75641595442988472419093501637019601117842416394372368127430912327061638596425,,Down,buy,19,0.14
2025-12-23T11:32:35.683511+00:00,0x398d73e693f4d99824214cae93dd3e85440aa9c5171a65292dd7b83e818b6bb3,26617530596271246338644732488459778988407374877367088396777331354105302666279,,Up,buy,19,0.88
2025-12-23T11:32:35.683540+00:00,0x9043a2dcc4f4cb22946f02c60de0cae01037aca18e019a72855ae78065cbe72a,26617530596271246338644732488459778988407374877367088396777331354105302666279,,Up,buy,19,0.87
2025-12-23T11:32:35.683570+00:00,0x095576ab41ba7423a383e119d8e8fa6837802c3673c22889120b0d5d8e3d63b0,58269341435532176450349587560945724943640060422616783561652912117335037213294,,Up,buy,22,0.71
2025-12-23T11:32:35.683598+00:00,0x8708089a8568270246e016acb1368b4f2db86ab1fef31b0de366361db2488f13,8229567979807847181184408438703700682344470468250711203016699114078005224365,,Down,buy,22,0.3
2025-12-23T11:32:35.683626+00:00,0x02df8439255db72238dab1d5eef780825880336ab2f8113e434b5612edf6bf23,8229567979807847181184408438703700682344470468250711203016699114078005224365,,Down,buy,22,0.3
2025-12-23T11:32:35.683654+00:00,0x0457c5f657235fd2d5a7387aff2e2fa87af6660ffe6e2fe774333595d19ad350,58269341435532176450349587560945724943640060422616783561652912117335037213294,,Up,buy,17,0.71
2025-12-23T11:32:35.683682+00:00,0xd4bca5cb2b6562256f5e8512a43dcbc6283afde2c8d36eb22377ea8130aeddf5,58269341435532176450349587560945724943640060422616783561652912117335037213294,,Up,buy,22,0.71
2025-12-23T11:32:35.683710+00:00,0xbc99b21770d4e5c08d829a7f4aedaf9df3b88d29f4e19ba2053ae8642a8f48b9,8229567979807847181184408438703700682344470468250711203016699114078005224365,,Down,buy,22,0.3
2025-12-23T11:32:35.683738+00:00,0x397946e05f6bebb436f7ca7bc6ce1ee6bc2ad65c25532e48337b2358e46dd364,58269341435532176450349587560945724943640060422616783561652912117335037213294,,Up,buy,22,0.71
2025-12-23T11:32:35.683768+00:00,0x850ca6be8ebbd82079739e2d2f4359105e4c87f643c741d42954dd655ffc6a71,58269341435532176450349587560945724943640060422616783561652912117335037213294,,Up,buy,13,0.72
2025-12-23T11:32:35.683796+00:00,0x615162b24096d351983edbf617656aa38e5ae3ad072a0db8eaade7d1d70fbfb1,8229567979807847181184408438703700682344470468250711203016699114078005224365,,Down,buy,22,0.3
2025-12-23T11:32:35.683825+00:00,0x15c9a19478c97714ae8887938c96ddb6bfb14a915ff26d79f4bdc06bcb51122b,103711039630936238635817836823580651030095127442000277199468952377113280415457,,Up,buy,1.91,0.9
2025-12-23T11:32:35.683852+00:00,0x2de266465b29bd20a680d59fa0a1cfef8b0bc1a508b6548bfe469d8cd2757e96,58269341435532176450349587560945724943640060422616783561652912117335037213294,,Up,buy,22,0.67
2025-12-23T11:32:35.683880+00:00,0x74b61407d648295c39ac6a63249e0e1003c1c78684b64b65bd658cb0d37cdefd,10300276426311725251977049020215422084250499369174760277036574985109934084093,,Up,buy,7.61,0.67
2025-12-23T11:32:35.683909+00:00,0xe5b332753cd0fd48b38c0cb946b06040bfa28fd94cffecda24b52f6849ef2d9d,75641595442988472419093501637019601117842416394372368127430912327061638596425,,Down,buy,20,0.26
2025-12-23T11:32:35.683936+00:00,0x73d45ccd804c23431563bcdcef5816c009c0e8507410267918fd7ab435ee66a1,961179025396517037405955796771250556153055570607185099794963577078268466753,,Down,buy,14,0.13
2025-12-23T11:32:35.683964+00:00,0xe793cb084e57a02fa966ccb995a62948db894c3fd9487b6a7e6c5b6435f4f1ed,961179025396517037405955796771250556153055570607185099794963577078268466753,,Down,buy,14,0.13
2025-12-23T11:32:35.683992+00:00,0x5a07d629a1b9385c9980e28c4222a29dec2e2546d004aba9193ea1b382742a22,8229567979807847181184408438703700682344470468250711203016699114078005224365,,Down,buy,20,0.34
2025-12-23T11:32:35.684020+00:00,0x8aaa1f6c76b8f00c020bd1aaa75afaa3d65aac683a97eee0b9b79c4dcc5da4f5,75641595442988472419093501637019601117842416394372368127430912327061638596425,,Down,buy,21,0.26
2025-12-23T11:32:35.684050+00:00,0x19b7584acfd9ee921d2f48049e310eca5aec63d49cbb1a7e362e013d8ee0eed6,103711039630936238635817836823580651030095127442000277199468952377113280415457,,Up,buy,14,0.88
2025-12-23T11:32:35.684079+00:00,0xc7e5efc33d488c11fc26a5ec27341522a52574f499361409b1c7941689496605,75641595442988472419093501637019601117842416394372368127430912327061638596425,,Down,buy,21,0.26
2025-12-23T11:32:35.684107+00:00,0x800a9466a03847d386e076c63ab3c32154a40268244a56793fcaff968e114aec,103711039630936238635817836823580651030095127442000277199468952377113280415457,,Up,buy,14,0.88
2025-12-23T11:32:35.684135+00:00,0x67ca1fd43acf3afdb36cc0c6c893efbf16c2e1cf1764f47a719dbdc5e2e92379,103711039630936238635817836823580651030095127442000277199468952377113280415457,,Up,buy,14,0.88
2025-12-23T11:32:35.684165+00:00,0x55b03ff09aa4bc4e2d9c2758a90ff1cdf63655dbccc96cbeb753a55fd65fb6de,103711039630936238635817836823580651030095127442000277199468952377113280415457,,Up,buy,14,0.88
2025-12-23T11:32:35.684193+00:00,0x5ebef0ac5c8c038d3bc7643d0de0e278e45879ce528719cfd18bae5e61b9a0f2,58269341435532176450349587560945724943640060422616783561652912117335037213294,,Up,buy,22,0.63
2025-12-23T11:32:35.684221+00:00,0x8b0d0933fe09da0574b370fa2d0c3fc98aac6566216d937b2f9131d6cc8518ac,58269341435532176450349587560945724943640060422616783561652912117335037213294,,Up,buy,22,0.63
2025-12-23T11:32:35.684249+00:00,0xa958e898f77d3d5291956fffaf8df2ae9b5241b8c6d8f781e67094932a7009a1,26617530596271246338644732488459778988407374877367088396777331354105302666279,,Up,buy,7,0.71
2025-12-23T11:32:35.684278+00:00,0xe6c784f670ada3b4112dc0ae6d24e0cd868ab21a05111b30c9d38d52100a750d,8229567979807847181184408438703700682344470468250711203016699114078005224365,,Down,buy,22,0.35
2025-12-23T11:32:35.684306+00:00,0x73026447a94befefd286ab69d1c67b6cad1d9cf554daba677b78dd2fff0c68bc,8229567979807847181184408438703700682344470468250711203016699114078005224365,,Down,buy,22,0.35
2025-12-23T11:32:35.684336+00:00,0x5e2d175db0482922f31dcb06b7f55bd63527506ef6bb5351d237de7f39a79e06,75641595442988472419093501637019601117842416394372368127430912327061638596425,,Down,buy,21,0.14
2025-12-23T11:32:35.684368+00:00,0xe8c18be6ae84d005fb69e4e10ac8b1c2d8f4f0fa835b47c8bfb24c8df63c7d3b,75641595442988472419093501637019601117842416394372368127430912327061638596425,,Down,buy,21,0.14
2025-12-23T11:32:35.684398+00:00,0x20144ba19cc6837e707ee5a58211cec80a176bcecb21ca1b5837ce34784ed03a,84315184645294993621051672196393254433970937525895672087282194644461951818300,,Down,buy,14,0.29
2025-12-23T11:32:35.684427+00:00,0x4b0a49b9b13e4fb2dbcf372745154d6a6f75a3b018bbac36a3e77b3fddd9d2b0,961179025396517037405955796771250556153055570607185099794963577078268466753,,Down,buy,14,0.1
2025-12-23T11:32:35.684455+00:00,0x8caa90889607e4958f1e64ca9c3ca7d1d22125167e806571662baf3e3d1da4e4,84315184645294993621051672196393254433970937525895672087282194644461951818300,,Down,buy,5,0.28
2025-12-23T11:32:35.684483+00:00,0x3d1aa714f85a0d11d48b55497d35ccfafc94a2b78b752503e96b43d2e17922cd,84315184645294993621051672196393254433970937525895672087282194644461951818300,,Down,buy,14,0.29
2025-12-23T11:32:35.684511+00:00,0xcf24a30fd24f621bd36bcae08ce45f86357c22c4bc3a5b049467f8e35a32e2f7,961179025396517037405955796771250556153055570607185099794963577078268466753,,Down,buy,15,0.08
2025-12-23T11:32:35.684539+00:00,0x2b0ea8a2bffc9d08290319afa20d33a3b86361922bc49624729917c608d8fb7e,961179025396517037405955796771250556153055570607185099794963577078268466753,,Down,buy,12.02,0.08
2025-12-23T11:32:35.684567+00:00,0x2db14500913421725622484d6f0d96f848c570e997a12f702f41a09e6becf859,58269341435532176450349587560945724943640060422616783561652912117335037213294,,Up,buy,22,0.76
2025-12-23T11:32:35.684595+00:00,0x350e47e4531ad19d686328f76d3eaa4b4e7b94582340636f26f4c36ba23d7260,58269341435532176450349587560945724943640060422616783561652912117335037213294,,Up,buy,22,0.76
2025-12-23T11:32:35.684623+00:00,0xfbfb444055eac666b514fa853ec8d7876534f20870293a7cce587461e0fc8320,84315184645294993621051672196393254433970937525895672087282194644461951818300,,Down,buy,7,0.22
2025-12-23T11:32:35.684651+00:00,0xa4c34b652db4f5b8119ae4ffcd3d2d64e6618ef0cc4aa3e720efa832c9561531,961179025396517037405955796771250556153055570607185099794963577078268466753,,Down,buy,8,0.09
2025-12-23T11:32:35.684679+00:00,0xeaba6962b76d1ce14a541fb6f6962e82e569b6f198984f12cf1253894ab92650,8229567979807847181184408438703700682344470468250711203016699114078005224365,,Down,buy,22,0.22
2025-12-23T11:32:35.684707+00:00,0x6a6dfb303dc5610609186f361a40c21f50c93403af13a153a00974098d891f79,8229567979807847181184408438703700682344470468250711203016699114078005224365,,Down,buy,22,0.22
2025-12-23T11:32:35.684735+00:00,0x210c641a541c4bf67441aacb0518bf0013027bdc0e4e055a34cd90f717005bfc,8229567979807847181184408438703700682344470468250711203016699114078005224365,,Down,buy,22,0.22
2025-12-23T11:32:35.684763+00:00,0x3303f6e33cc23b83beca8d3de1fa08814d77ebdb99419c3bd714c2457bc883fd,8229567979807847181184408438703700682344470468250711203016699114078005224365,,Down,buy,22,0.22
2025-12-23T11:32:35.684792+00:00,0x52e7ef5f441dd2ca105a4bc4f622d03b8a2dce4c83aa45643f3b5536171ef2f0,8229567979807847181184408438703700682344470468250711203016699114078005224365,,Down,buy,22,0.22
2025-12-23T11:32:35.684819+00:00,0x0b22d590f8aeaf087cff9b3d787b10cb4f5981e92016da68362077060a9864e5,84315184645294993621051672196393254433970937525895672087282194644461951818300,,Down,buy,7,0.2
2025-12-23T11:32:35.684847+00:00,0x87a93490233b1c8233f8c98c3a598610d0662c44ae3998f06c0acecc411f09ea,26617530596271246338644732488459778988407374877367088396777331354105302666279,,Up,buy,24,0.92
2025-12-23T11:32:35.684875+00:00,0x79395df2b211ec7ad39f1da47d81b3556acb2a757bed5dd628c44254a6b00128,26617530596271246338644732488459778988407374877367088396777331354105302666279,,Up,buy,24,0.92
2025-12-23T11:32:35.684904+00:00,0x390cf282c75d112bb996857dacd7fd8ca06fc3771a94bcc6245e4577f76f2641,26617530596271246338644732488459778988407374877367088396777331354105302666279,,Up,buy,24,0.92
2025-12-23T11:32:35.684932+00:00,0x461fc762edbc6bab3e4dbeda1e8449f6cbe30a8602e506a2b7ad352ad781dff2,58269341435532176450349587560945724943640060422616783561652912117335037213294,,Up,buy,22,0.75
2025-12-23T11:32:35.684962+00:00,0xce1d79777402600bb4d893a682391aadc18d1c028a1dfe64dabb5f2732d2db94,10300276426311725251977049020215422084250499369174760277036574985109934084093,,Up,buy,6.94,0.68
2025-12-23T11:32:35.684990+00:00,0x3ea5670cd9fbac31cb191d77c3301efd4fb5629fd67727c1eca6f6f655ab9ccb,10300276426311725251977049020215422084250499369174760277036574985109934084093,,Up,buy,14,0.68
2025-12-23T11:32:35.685018+00:00,0xc696f8179a9fcf65aeb7ff08d0601dd0f646b7f2e06aeaf57b3d9d5fc74b3067,58269341435532176450349587560945724943640060422616783561652912117335037213294,,Up,buy,22,0.75
2025-12-23T11:32:35.685046+00:00,0xa33c739839cd33a8847d711519ec7431c2af471ae3beab9d1ea8eda923ab98a6,10300276426311725251977049020215422084250499369174760277036574985109934084093,,Up,buy,14,0.66
2025-12-23T11:32:35.685074+00:00,0x35a14158bac23549742470de634e30c0323af23ca216da261b6bda2de5b45c18,961179025396517037405955796771250556153055570607185099794963577078268466753,,Down,buy,0.25,0.24
2025-12-23T11:32:35.685102+00:00,0xc19b460f1ccbc62bc3d27b4b449490f68c23c3b732375e5b921f92406173137c,10300276426311725251977049020215422084250499369174760277036574985109934084093,,Up,buy,5.8,0.71
2025-12-23T11:32:35.685130+00:00,0xfdfa3e69aa249f8e6fbb5d043dc37f87b6754773fbb123c6ef45fbdf093317a7,84315184645294993621051672196393254433970937525895672087282194644461951818300,,Down,buy,14,0.28
2025-12-23T11:32:35.685158+00:00,0xab88666eb413c3da26a668babfb99792062f9c6e3bfa77786853997c59c83063,84315184645294993621051672196393254433970937525895672087282194644461951818300,,Down,buy,14,0.26
2025-12-23T11:32:35.685186+00:00,0x67aeda022753331104cf91009ec505afa3bbd7073c785b16015be9b627fcbf46,8229567979807847181184408438703700682344470468250711203016699114078005224365,,Down,buy,22,0.23
2025-12-23T11:32:35.685213+00:00,0xd17cf4a21491a2c93d4af229f171eac18dd11eada4f4f1118c5093e6e9414827,75641595442988472419093501637019601117842416394372368127430912327061638596425,,Down,buy,24,0.14
2025-12-23T11:32:35.685241+00:00,0x75a69216300e550c98dcf1110c89d94114873239319f609a6e2afeb7a9034eae,961179025396517037405955796771250556153055570607185099794963577078268466753,,Down,buy,16,0.1
2025-12-23T11:32:35.685269+00:00,0x24cd0a66d017d379cc701568c455e7230c7dfbcd37328d890fba440ba333603d,75641595442988472419093501637019601117842416394372368127430912327061638596425,,Down,buy,24,0.1
2025-12-23T11:32:35.685297+00:00,0x258f10236fa61eef404e7113457055ab3be8a96dfd0139c2f7c821ec827482fb,84315184645294993621051672196393254433970937525895672087282194644461951818300,,Down,buy,8,0.24
2025-12-23T11:32:35.685325+00:00,0x78c46e135025b6049136084eb78b02a90e07d4602ae3482a6e2f8b03eb15d6a3,58269341435532176450349587560945724943640060422616783561652912117335037213294,,Up,buy,10,0.8
2025-12-23T11:32:35.685353+00:00,0x6421c359674d299d47c5bb9deac872626279769d549cc374fada2c6d839b4781,84315184645294993621051672196393254433970937525895672087282194644461951818300,,Down,buy,14,0.24
2025-12-23T11:32:35.685381+00:00,0x95feb8101f235c9cfac8bc8cfcce8d2f86428ca84c37747d1ccd465d47120716,58269341435532176450349587560945724943640060422616783561652912117335037213294,,Up,buy,22,0.81
2025-12-23T11:32:35.685409+00:00,0xfbcedb07a8c7fb17cd2b77768c7fdf74947ae9735ad4bc16b7618ad7540a1006,58269341435532176450349587560945724943640060422616783561652912117335037213294,,Up,buy,10,0.8
2025-12-23T11:32:35.685436+00:00,0x1f0c82c31eb42343ab718dc82a45cc39481b86d1131a0324b14de446f0c663b1,103711039630936238635817836823580651030095127442000277199468952377113280415457,,Up,buy,16,0.87
2025-12-23T11:32:35.685464+00:00,0x21b7fca72cd5297c193768a0c6e2b815355a7e2c38cc9bf81aab6ce2046b4176,103711039630936238635817836823580651030095127442000277199468952377113280415457,,Up,buy,16,0.87
2025-12-23T11:32:35.685492+00:00,0x4c132376cb3722da98cb40f528dd19944141a03bee9701ae053f679aff9e54ec,10300276426311725251977049020215422084250499369174760277036574985109934084093,,Up,buy,2.4,0.83
2025-12-23T11:32:35.685521+00:00,0x0fed5a475d3350e97eff292515bd980a2f29f38ff7e6175fe8fcbfc5e5a5e6d1,10300276426311725251977049020215422084250499369174760277036574985109934084093,,Up,buy,14,0.83
2025-12-23T11:32:35.685552+00:00,0xd0a26594eef5e5c99351cb8ef999d42f3fd8a1feaf627ad6cab118b2600c334f,10300276426311725251977049020215422084250499369174760277036574985109934084093,,Up,buy,14,0.83
2025-12-23T11:32:35.685580+00:00,0x82f02a0eb6309735218e2694aae6e2edb5bca3b427b1a5193aac18f3940413d1,84315184645294993621051672196393254433970937525895672087282194644461951818300,,Down,buy,14,0.17
2025-12-23T11:32:35.685608+00:00,0x1aee1bd281780dfbd7d6e09b495f5c6127d99d773735eb2cbefbbe6a94734ec3,84315184645294993621051672196393254433970937525895672087282194644461951818300,,Down,buy,14,0.17
2025-12-23T11:32:35.685636+00:00,0x09953add9afc9c255c547689a62403ed0f4a72b4a31e922cb2085b2a9536f487,84315184645294993621051672196393254433970937525895672087282194644461951818300,,Down,buy,14,0.17
2025-12-23T11:32:35.685664+00:00,0x4171e804dfd59e638f491602727861ca18ef328e9aa438e9c06664da0eff31f9,84315184645294993621051672196393254433970937525895672087282194644461951818300,,Down,buy,14,0.17
2025-12-23T11:32:35.685692+00:00,0x0097e7265c3022e101158d289d0c4a592f000a1bb6db3060865753cf89197fe0,10300276426311725251977049020215422084250499369174760277036574985109934084093,,Up,buy,9.3,0.83
2025-12-23T11:32:35.685720+00:00,0xa3a01c0c54b184de7ead3ba322e15bde67035fca9d1606b7067ea841c31dfaf3,84315184645294993621051672196393254433970937525895672087282194644461951818300,,Down,buy,14,0.17
2025-12-23T11:32:35.685748+00:00,0xfe630ec99f972ef684814db2ed6d7517d0113cfafa1178d16dd116a0e0a84940,10300276426311725251977049020215422084250499369174760277036574985109934084093,,Up,buy,6,0.75
2025-12-23T11:32:35.685776+00:00,0x5753bcdc2eabdfdac3177ed59742e81881eea30310929ca12fcc9e1eb712ac89,10300276426311725251977049020215422084250499369174760277036574985109934084093,,Up,buy,14,0.75
2025-12-23T11:32:35.685804+00:00,0x2c85be388f1ba79d069b4a9ae8ac3069da9f3b8d67626f63bb159d5a76c2e9bf,84315184645294993621051672196393254433970937525895672087282194644461951818300,,Down,buy,14,0.27
2025-12-23T11:32:35.685847+00:00,0x395417ef05393a2d52e27ec7dbe063671b195979c06e4a7739f283b074bf271c,84315184645294993621051672196393254433970937525895672087282194644461951818300,,Down,buy,14,0.27
2025-12-23T11:32:35.685880+00:00,0xa681dceb6513d58afa133df7dd7cd73dc11b11de055544db62c633f4f613d879,8229567979807847181184408438703700682344470468250711203016699114078005224365,,Down,buy,22,0.23
2025-12-23T11:32:35.685910+00:00,0x533ec6a42a61a21153c53ab52e59bc81c06114d07545a9e2cec1b155b1fea296,84315184645294993621051672196393254433970937525895672087282194644461951818300,,Down,buy,5.4,0.29
2025-12-23T11:32:35.685940+00:00,0x96f2ef6257eaf6a2c9e79edee1513d4dda0c5cefa1743e190d86fcf934391b8a,10300276426311725251977049020215422084250499369174760277036574985109934084093,,Up,buy,14,0.69
2025-12-23T11:32:35.685968+00:00,0xa677f41f017f972d740505a40d13091762413f269b4daccdf0a6a791756ea9ca,58269341435532176450349587560945724943640060422616783561652912117335037213294,,Up,buy,22,0.774309090909091
2025-12-23T11:32:35.685998+00:00,0x1f498eddb53aa4dd76faf8e46e1c464a4c3dc1a1cd1b985113289a57c4af3a85,103711039630936238635817836823580651030095127442000277199468952377113280415457,,Up,buy,16,0.76
2025-12-23T11:32:35.686026+00:00,0xd5d3442e0d551e659199ce239c42906778ea678ba4cca1ed2e5cf8a3dfbbceae,26617530596271246338644732488459778988407374877367088396777331354105302666279,,Up,buy,24,0.79
2025-12-23T11:32:35.686054+00:00,0x695753f6256c9e9b1d75f5a2ab506f6c7c08353ed9b9cc9f45dffb706d164d2b,26617530596271246338644732488459778988407374877367088396777331354105302666279,,Up,buy,24,0.8
2025-12-23T11:32:35.686083+00:00,0x7eed12d2b85c036e84b370a5a6d1f65db1df49a75b6ab68cb686b121da0cb675,26617530596271246338644732488459778988407374877367088396777331354105302666279,,Up,buy,24,0.8
2025-12-23T11:32:35.686111+00:00,0x2d4a0096db0129bc0039d08143ebe12d42fc8aaa322f2b14e596dd4b42e2fe29,26617530596271246338644732488459778988407374877367088396777331354105302666279,,Up,buy,24,0.8
2025-12-23T11:32:35.686139+00:00,0xc6fc8a80cad0add10c2a48235bccaee09b987d896b71bc26b13ecf79f7ab713a,26617530596271246338644732488459778988407374877367088396777331354105302666279,,Up,buy,24,0.8
2025-12-23T11:32:35.686183+00:00,0x88bbb71eae3cdcb2aa9aad73735259ffac5f73b56b896a8cad118638592a80e2,26617530596271246338644732488459778988407374877367088396777331354105302666279,,Up,buy,24,0.8
2025-12-23T11:32:35.686212+00:00,0x61b882c29d2a888700c2438386ca725cbbb73df56e44977ba8f3f141d852eff8,26617530596271246338644732488459778988407374877367088396777331354105302666279,,Up,buy,24,0.8
2025-12-23T11:32:35.686240+00:00,0xf8d07548d78c0b9ed77145ea4423f6710d0a8e11edff2ef7d0bff2c6f81be35e,961179025396517037405955796771250556153055570607185099794963577078268466753,,Down,buy,16,0.26
2025-12-23T11:32:35.686268+00:00,0xd95378a844639cf5113505e44d9fe40ce0b1bcfaca0dc05e8666961ebdc7a4b9,84315184645294993621051672196393254433970937525895672087282194644461951818300,,Down,buy,14,0.35
2025-12-23T11:32:35.686296+00:00,0x47258eef741fcadeae7ba908ae41f0237656b7a75887d584101193fa3eefee36,103711039630936238635817836823580651030095127442000277199468952377113280415457,,Up,buy,4.57,0.75
2025-12-23T11:32:35.686324+00:00,0x6e915275e68bde7ab004d6776395918b927e2249d2ac449d283ba0281c5867bb,103711039630936238635817836823580651030095127442000277199468952377113280415457,,Up,buy,10,0.75
2025-12-23T11:32:35.686352+00:00,0x188f4df6b6d78eb7c588961e2ce7f90cd215b23fc6bc94cd6346a4b8d65bf203,10300276426311725251977049020215422084250499369174760277036574985109934084093,,Up,buy,14,0.65
2025-12-23T11:32:35.686381+00:00,0xbbf7bf0b0287917d4b0c96eed50a7be86d8fba4ba9b982d343cb91e5ef7b55b0,10300276426311725251977049020215422084250499369174760277036574985109934084093,,Up,buy,14,0.65
2025-12-23T11:32:35.686410+00:00,0x3adb10fae0c4b30ae944f2e9c51b6d19b27b6f3f8fd179de650ee9c47012e190,10300276426311725251977049020215422084250499369174760277036574985109934084093,,Up,buy,14,0.65
2025-12-23T11:32:35.686439+00:00,0x4100f914f6cd492a9169c47c2f18c3f2b7fe4e107065dcd694101a3c0a0a1c0f,26617530596271246338644732488459778988407374877367088396777331354105302666279,,Up,buy,24,0.73
2025-12-23T11:32:35.686467+00:00,0xe35e57c8f144a45293f26a42d9cec140a3bfca491bbe2f3ece06b14f10b864fe,10300276426311725251977049020215422084250499369174760277036574985109934084093,,Up,buy,8,0.65
2025-12-23T11:32:35.686496+00:00,0x6597658a4c68d441134b3bd8c6e0a90579f30da7c86a520fc8a8adfa9727c180,26617530596271246338644732488459778988407374877367088396777331354105302666279,,Up,buy,24,0.71
2025-12-23T11:32:35.686524+00:00,0x19ec02cf11d8c1103f62f254569d687780e3f5911289f2519efa81afcf2b41b5,75641595442988472419093501637019601117842416394372368127430912327061638596425,,Down,buy,24,0.3
2025-12-23T11:32:35.686552+00:00,0x1072ef5d29f4df61345638dc8ba9facfdefd7621db8ede9228777df32a571a39,75641595442988472419093501637019601117842416394372368127430912327061638596425,,Down,buy,24,0.3
2025-12-23T11:32:35.686580+00:00,0xaa1427a7efb3a656216d4eca91b1e5361fb9bf927ba2c785780ce8807ee3c78d,26617530596271246338644732488459778988407374877367088396777331354105302666279,,Up,buy,4.59,0.72
2025-12-23T11:32:35.686609+00:00,0x20e362518046495ca7dbe5759675537c17bd6069b89c50e0ae28cfa27dc20348,84315184645294993621051672196393254433970937525895672087282194644461951818300,,Down,buy,14,0.33
2025-12-23T11:32:35.686638+00:00,0x4f8d280365bf7febbd83015231eddb8c792dabba0fc312461d7c929b21b2dc6b,84315184645294993621051672196393254433970937525895672087282194644461951818300,,Down,buy,7,0.33
2025-12-23T11:32:35.686665+00:00,0x7617ff30ec9de1ce556166295f25d650012c02120f51bde9284db058b81dee7a,10300276426311725251977049020215422084250499369174760277036574985109934084093,,Up,buy,14,0.68
2025-12-23T11:32:35.686693+00:00,0x780a8e4f0e6097c6173dce17191a872670f26e909ab0d8ab48a79f55547c3c58,961179025396517037405955796771250556153055570607185099794963577078268466753,,Down,buy,16,0.22
2025-12-23T11:32:35.686721+00:00,0x0cfebda5eb0b4f3709f9072f8db8c18c49df201e7333ef0aa3801048c103aca4,26617530596271246338644732488459778988407374877367088396777331354105302666279,,Up,buy,19,0.75
2025-12-23T11:32:35.686749+00:00,0xa3bde7a6b5f81162337c8ea2dc84299cb8b23e9f6dc8e46605de95b6e437b525,961179025396517037405955796771250556153055570607185099794963577078268466753,,Down,buy,16,0.22
2025-12-23T11:32:35.686779+00:00,0x5761d0f58bb977ca48d55d7453221cf72b08318b05302cfb4afaeeea4d4108f6,10300276426311725251977049020215422084250499369174760277036574985109934084093,,Up,buy,14,0.67
2025-12-23T11:32:35.686806+00:00,0x2c093de462c4ca9c35c84c85071c8e22188b132c3935cc475de014fac3b69eed,10300276426311725251977049020215422084250499369174760277036574985109934084093,,Up,buy,11,0.67
2025-12-23T11:32:35.686834+00:00,0x243965a8690c87ae468d9469ef91b5a515f9a6f18e3593a0d7a611eb0a11aebe,103711039630936238635817836823580651030095127442000277199468952377113280415457,,Up,buy,16,0.74
2025-12-23T11:32:35.686862+00:00,0x61fa3a296f56db40e21751ea343f894af22bbe801800613f99cf473bd428bc3c,26617530596271246338644732488459778988407374877367088396777331354105302666279,,Up,buy,14.52,0.7
2025-12-23T11:32:35.686891+00:00,0xab3b5ceb017641734c92c4d865e631d0b48fc192f9dc8a3569e2a400d0c7fc6a,26617530596271246338644732488459778988407374877367088396777331354105302666279,,Up,buy,24,0.7
2025-12-23T11:32:35.686918+00:00,0x2d746c650b83629f54784c8cb691c2e1a85ee2d73ff5026d1366de36577c79d7,103711039630936238635817836823580651030095127442000277199468952377113280415457,,Up,buy,16,0.72
2025-12-23T11:32:35.686946+00:00,0x977991db815aed5cd4e02457e52477871a6af546f78279c22083583c5c40c895,103711039630936238635817836823580651030095127442000277199468952377113280415457,,Up,buy,16,0.71
2025-12-23T11:32:35.688297+00:00,0x149b8375a947585ccf9fecc2cf7bd0d25411d534b9ea646ecead0580cf321954,103711039630936238635817836823580651030095127442000277199468952377113280415457,,Up,buy,16,0.71
2025-12-23T11:32:35.688376+00:00,0x7df5e7b9b906a5dac348ddea961e30ee76d252a59d4a6557c5ac7a00dba2a783,84315184645294993621051672196393254433970937525895672087282194644461951818300,,Down,buy,14,0.36
2025-12-23T11:32:35.688423+00:00,0xe2a73a6bc077a8748e8148a8f0d6e12271fc8a5871d72eb73507c1d8aa64e850,103711039630936238635817836823580651030095127442000277199468952377113280415457,,Up,buy,16,0.71
2025-12-23T11:32:35.688463+00:00,0xa2b2d992d856e4f67489d3de94d97c970cebf9ef60840e667dbcb40d0edfe61e,103711039630936238635817836823580651030095127442000277199468952377113280415457,,Up,buy,16,0.71
2025-12-23T11:32:35.688499+00:00,0xf2fd91bd5c551e7c0264120d9b83f52aa2366eeea9a357b5e5185c8878166251,8229567979807847181184408438703700682344470468250711203016699114078005224365,,Down,buy,22,0.3
2025-12-23T11:32:35.688534+00:00,0x2604621f0a00520b097752809da4293e59117ec1525f3d7f11b0123f51ab4b8c,961179025396517037405955796771250556153055570607185099794963577078268466753,,Down,buy,16,0.26
2025-12-23T11:32:35.688568+00:00,0xe2353a5d0d2fc59c2ede40599e122751f15d668a490752e19306e74507f47f30,75641595442988472419093501637019601117842416394372368127430912327061638596425,,Down,buy,24,0.33
2025-12-23T11:32:35.688602+00:00,0xd30fba79e0876a687ddf7cb2a5e810f13f7b4e685def5d2f9b1234755a87c2d4,8229567979807847181184408438703700682344470468250711203016699114078005224365,,Down,buy,22,0.3
2025-12-23T11:32:35.688636+00:00,0xd8307ecd32de39a85f44d537b66cdb5fdd2190f25eb40f826834c5916562b449,961179025396517037405955796771250556153055570607185099794963577078268466753,,Down,buy,16,0.26
2025-12-23T11:32:35.688668+00:00,0x5a30bbda18bc9e03f15550efe6abf81fce0e5a51b0a53c8d4591679c76c098d3,26617530596271246338644732488459778988407374877367088396777331354105302666279,,Up,buy,24,0.65
2025-12-23T11:32:35.688702+00:00,0xe598d1651a3714e57cf3b4ac2478c61e561b782f95d90e95245b4ebf086bf10d,26617530596271246338644732488459778988407374877367088396777331354105302666279,,Up,buy,24,0.65
2025-12-23T11:32:35.688734+00:00,0x7c2698aed119065eda8aea8ef71c70b46c63dbdad0d54abf23aa649cbc15c1ef,26617530596271246338644732488459778988407374877367088396777331354105302666279,,Up,buy,24,0.65
2025-12-23T11:32:35.688765+00:00,0xaeda2308599004464a877d11982d78b458bd2f20af99d0f6a4c03f6bc9de7500,26617530596271246338644732488459778988407374877367088396777331354105302666279,,Up,buy,24,0.65
2025-12-23T11:32:35.688796+00:00,0x22965d097f3cc130e8fdb8cd9b12ed679062614c9c51fb7a574f661e90675c16,26617530596271246338644732488459778988407374877367088396777331354105302666279,,Up,buy,24,0.65
2025-12-23T11:32:35.688832+00:00,0x203fccfde8aaabddd24acff28033916c7d19588cae5235afb6f3e0c5565ceac7,26617530596271246338644732488459778988407374877367088396777331354105302666279,,Up,buy,24,0.65
2025-12-23T11:32:35.688863+00:00,0xae4ae9a00a53e079b133ca68e815b96f96df8cc829b64d0760f1e83b73e4fe76,10300276426311725251977049020215422084250499369174760277036574985109934084093,,Up,buy,10,0.64
2025-12-23T11:32:35.688893+00:00,0x06e7c37a8730788b41d3d30aa6d34d4472aab000f7f3e0773d9ea6546e24092e,26617530596271246338644732488459778988407374877367088396777331354105302666279,,Up,buy,24,0.65
2025-12-23T11:32:35.688925+00:00,0xe469fbc4d25ddb49804ed6797b7da3f8788351eb25b5fb70928fef16b15464dd,26617530596271246338644732488459778988407374877367088396777331354105302666279,,Up,buy,24,0.65
2025-12-23T11:32:35.688955+00:00,0x3f389db809807776d1277d46e5d00e3bbc36c06af83487ca62056f0879ecd192,75641595442988472419093501637019601117842416394372368127430912327061638596425,,Down,buy,24,0.36
2025-12-23T11:32:35.688985+00:00,0xd9d034ed5f242487b3987053cbb1af14669adbfe7ba3ccea5decc3c230730f54,75641595442988472419093501637019601117842416394372368127430912327061638596425,,Down,buy,24,0.36
2025-12-23T11:32:35.689015+00:00,0x2512de74e8f42308e61b98f8ed2420a6241874a0afb5a07d5cd10bafa2cf6bf0,26617530596271246338644732488459778988407374877367088396777331354105302666279,,Up,buy,24,0.62
2025-12-23T11:32:35.689046+00:00,0xdee3a477bb9b6ea811b3bafc0194a8706fdf37242d6f475be66507c36ed69534,58269341435532176450349587560945724943640060422616783561652912117335037213294,,Up,buy,20,0.68
2025-12-23T11:32:35.689077+00:00,0x9916fa831d449f8a555beb8a0237215e6a1e8cd815bdd126c9eca52e63857ecd,26617530596271246338644732488459778988407374877367088396777331354105302666279,,Up,buy,24,0.62
2025-12-23T11:32:35.689106+00:00,0x4277a0f13a7c5616bd224896f54018fdbcc2bb3a73e091c722b71a3811efbfcc,58269341435532176450349587560945724943640060422616783561652912117335037213294,,Up,buy,22,0.68
2025-12-23T11:32:35.689136+00:00,0x7bb3b0d12e4636863d72312cd28f92e508b0b429fead1db6af380526204c9e5b,26617530596271246338644732488459778988407374877367088396777331354105302666279,,Up,buy,20.59,0.62
2025-12-23T11:33:44.344540+00:00,0x1349082d2645e0ae5e89de321d2c619930789a876eba7c56d222fbfeb0270800,10300276426311725251977049020215422084250499369174760277036574985109934084093,,Up,buy,10,0.68
2025-12-23T11:33:44.348020+00:00,0x562f269f765d3f44656aabacd078927c968db6f5032d0d23614376bcf0f06e4c,30679116405352046015152067676390308088492879522765490110105462212444423014299,,Down,buy,24,0.63
2025-12-23T11:33:44.351879+00:00,0x52c240430733286293e273203e57b548180032f1de18865f45478add2d1e9c8e,30679116405352046015152067676390308088492879522765490110105462212444423014299,,Down,buy,24,0.63
2025-12-23T11:35:14.611842+00:00,0xfc0316baceddded2a7ffbf0f25de962489d41b9bf791314dd9bdd1501383cfb7,30679116405352046015152067676390308088492879522765490110105462212444423014299,,Down,buy,16.09,0.63
2025-12-23T11:35:14.616825+00:00,0x0046ac5b04991fecc37c32c662060ce0cbd1c32eae145e61501f964f0b4507b4,13406203364225953985379167689735418493034366118936012135448665505448803160537,,Down,buy,16,0.52
2025-12-23T11:35:14.621344+00:00,0x24d9ddda510c4a78300288de7d03f97235792b0ccc0342398c16dca56c10de16,13406203364225953985379167689735418493034366118936012135448665505448803160537,,Down,buy,16,0.5275
2025-12-23T11:35:14.625053+00:00,0x0cf04e155b17e8ba8f64968bb6ab2fd933c8ebb672c8e1e2621827ef6d372fcf,13406203364225953985379167689735418493034366118936012135448665505448803160537,,Down,buy,16,0.53
2025-12-23T11:36:44.985923+00:00,0xa97a737ed7fa224c103ab262762ba4e429cab4c5cffbba36afa338eb136a98c9,10300276426311725251977049020215422084250499369174760277036574985109934084093,,Up,buy,11.3,0.71
2025-12-23T11:36:44.991216+00:00,0xb0660120df8d1acdffd38e5c6fc4ff7e592fc50ce117a10a97012048cb3fdabe,30679116405352046015152067676390308088492879522765490110105462212444423014299,,Down,buy,20.61,0.65
2025-12-23T11:36:44.995282+00:00,0x4d10fbaf9b2e41825d4edacb21cc0a73a2fb17b6fbfb421dd745f8eb7bf4b1e2,18488757589738570749894279415211401439427407193539510533022668453101330292160,,Up,buy,24,0.37
2025-12-23T11:36:44.999834+00:00,0xe1582d0a2197611f836380188c6e47fa91015cf73e3f77080469404b83f62203,110298197703879037747456355039907926703432542644560238758825285407057895860277,,Up,buy,8,0.47
2025-12-23T11:36:45.004958+00:00,0xbae8e48d240f9d41bd06c3a3bdbe509450cd6caea0b1fb1773ee765f9b486894,13406203364225953985379167689735418493034366118936012135448665505448803160537,,Down,buy,16,0.57
2025-12-23T11:36:45.008443+00:00,0x730e2413bf0c5b4f40b8627b2abe5d28c7f665e725a2acb19a7fd5fc7f721088,13406203364225953985379167689735418493034366118936012135448665505448803160537,,Down,buy,16,0.57
2025-12-23T11:36:45.012602+00:00,0x187d4444f068253a1951132295df873dea56414ddd40e6f448844fad2659c192,13406203364225953985379167689735418493034366118936012135448665505448803160537,,Down,buy,16,0.57
2025-12-23T11:36:45.017208+00:00,0xb36266d2038d522f587a14f585d09968c2a933fd056dbc32bfd3dfeee75a7aff,13406203364225953985379167689735418493034366118936012135448665505448803160537,,Down,buy,16,0.57
2025-12-23T11:36:45.023570+00:00,0x87391214482c1d0a473881039406f37a7d7f6f82a754469a15e4f799322b89d3,13406203364225953985379167689735418493034366118936012135448665505448803160537,,Down,buy,16,0.57
2025-12-23T11:36:45.027694+00:00,0xcc7a689b81662c0ec22968f4db4d363f44946a2793e4a8da18c9c3aacafaab68,110298197703879037747456355039907926703432542644560238758825285407057895860277,,Up,buy,16,0.42
2025-12-23T11:36:45.031543+00:00,0x3466b54f01b66d42eb790d3e4fa1d7c90f11b27140ae1713629ffb58b22cfc7b,110298197703879037747456355039907926703432542644560238758825285407057895860277,,Up,buy,16,0.42
2025-12-23T11:36:45.035718+00:00,0x8f99c9769a0dc6d8548f7ed684ff35a7aa6b237a24b4b2d43a4f5c235bcdef1f,13406203364225953985379167689735418493034366118936012135448665505448803160537,,Down,buy,16,0.59
2025-12-23T11:36:45.040725+00:00,0x1c280d1fef458b27937ef6e41047c487e9bdde715961b8b90d683513ef242e47,13406203364225953985379167689735418493034366118936012135448665505448803160537,,Down,buy,16,0.59
2025-12-23T11:36:45.045881+00:00,0xfc2d937a4a94f4e28646d9d66a0b892de74eb87dbdcb86a260f042f969eb9d2f,110298197703879037747456355039907926703432542644560238758825285407057895860277,,Up,buy,16,0.42
2025-12-23T11:36:45.049479+00:00,0x893e333461631b5c28705e4419f4afa31fb17990c8830c8a89ffbbf5d26a9034,110298197703879037747456355039907926703432542644560238758825285407057895860277,,Up,buy,16,0.42
2025-12-23T11:36:45.053743+00:00,0x291ad1ac2ed2aa3e97e2a018f49eff9e0a3659189c7c9db2e6c482075467ffd7,110298197703879037747456355039907926703432542644560238758825285407057895860277,,Up,buy,16,0.42
2025-12-23T11:36:45.057855+00:00,0x6126ef66a2126665cbc7bf43407e40d91d5a38cf59385d0b8545f36d1b7bf9c5,110298197703879037747456355039907926703432542644560238758825285407057895860277,,Up,buy,16,0.41
2025-12-23T11:36:45.063232+00:00,0x5bd4db47d1fd289d096412e1fd0b3cdfd356b76e5bb8b7411fe07d63a624f0dd,110298197703879037747456355039907926703432542644560238758825285407057895860277,,Up,buy,16,0.41
2025-12-23T11:36:45.067841+00:00,0x21a9500fe1881d86e3a9342413439c1c31f1f4f5554bdc285cefd31be9844caa,18488757589738570749894279415211401439427407193539510533022668453101330292160,,Up,buy,24,0.32
2025-12-23T11:36:45.071712+00:00,0x931c4f90d4e6c259e5205e0ef35a3089f5b87c98fcda166258f7fac344fed515,110298197703879037747456355039907926703432542644560238758825285407057895860277,,Up,buy,16,0.41
2025-12-23T11:36:45.075247+00:00,0x5fa162f776994d4e514abeb332faf85db7ae6ed57a5786ee585fc18276466294,110298197703879037747456355039907926703432542644560238758825285407057895860277,,Up,buy,16,0.41
2025-12-23T11:36:45.079960+00:00,0xc2ea41ad81afda7abc3dddbe999ef3fddf75cb6cb0c62a669ebf730d88f41140,10300276426311725251977049020215422084250499369174760277036574985109934084093,,Up,buy,13,0.7
2025-12-23T11:36:45.084053+00:00,0xad5144a037a6c8c1ea8bec77f5f43ab4658698d6c8e0f7d10286dd63c3d3533b,110298197703879037747456355039907926703432542644560238758825285407057895860277,,Up,buy,16,0.41
2025-12-23T11:36:45.088115+00:00,0x32c87810d436441a7f2df5ca74bc006807a6433fb5fb795db6d5202655f304bf,13406203364225953985379167689735418493034366118936012135448665505448803160537,,Down,buy,16,0.58
2025-12-23T11:36:45.091862+00:00,0x698191beff6f771fa3a3bfcbb02d10323353bfadfeb2a45ceb4c31bf74ebe3f7,13406203364225953985379167689735418493034366118936012135448665505448803160537,,Down,buy,16,0.58
2025-12-23T11:36:45.096307+00:00,0x8f6f787232f8a67221b5b0d93b08ea1911c7343bd232d3c34479fd9d9bbb908a,13406203364225953985379167689735418493034366118936012135448665505448803160537,,Down,buy,1.81,0.58
2025-12-23T11:36:45.099810+00:00,0x62ac19486d922733151aaa678631d1deb2c2ff41eab7f77abea05036c9066107,13406203364225953985379167689735418493034366118936012135448665505448803160537,,Down,buy,16,0.58
2025-12-23T11:36:45.104572+00:00,0x0f97fd688d09ca0295b134fe1e944045e7846b171033ff766ff4d74bce7d9f3d,13406203364225953985379167689735418493034366118936012135448665505448803160537,,Down,buy,16,0.58
2025-12-23T12:11:47.563513+00:00,0x89128e2b01c8a26141aa0ee928d5a4e9d61bba3932381d17025e398fed1b979d,41649298205647508587657983419737619054577844831472384636513906999914458655929,,Down,buy,14,0.63
2025-12-23T12:11:47.563612+00:00,0xe49f1e844c7cd2998e5ffa1c6342d1b4fa506716c5a06aaafd400114ad0daa5c,41649298205647508587657983419737619054577844831472384636513906999914458655929,,Down,buy,14,0.63
2025-12-23T12:11:47.563663+00:00,0x43954fa047da193c785e9b0714c386d86c930547a44b89fc446f47e07c3377a7,76909229861086371357065359063375386376724188566100365530636553772398203141154,,Up,buy,14,0.36
2025-12-23T12:11:47.563702+00:00,0x95e8a79c3ce7eecb001f7059218f043b06c211d90e11e6e83bedb014cbd37927,41649298205647508587657983419737619054577844831472384636513906999914458655929,,Down,buy,14,0.63
2025-12-23T12:11:47.563736+00:00,0x78d0cf793687f56f37817e2c6e5733e6597689248215949521e2def2e67de470,41649298205647508587657983419737619054577844831472384636513906999914458655929,,Down,buy,14,0.63
2025-12-23T12:11:47.563770+00:00,0x0308623bce5a33a64732ea79177ab4b059876dea8a2854d8aa369e4e65508b93,41649298205647508587657983419737619054577844831472384636513906999914458655929,,Down,buy,14,0.63
2025-12-23T12:11:47.563802+00:00,0x3dab9875c8d0e13b972673e0d2418e935c0e62650cb8638c607a0d6dd6402374,76909229861086371357065359063375386376724188566100365530636553772398203141154,,Up,buy,14,0.34
2025-12-23T12:11:47.563842+00:00,0xf762dc1a607dce1a953c6757b467eb96f01c38975624418ce14ab076cc9c23a8,13532621002647241503877137701957610513223465645682976895168884995530691973729,,Down,buy,22,0.32
2025-12-23T12:11:47.563881+00:00,0xdc0dfe92cc950a6255d7f94fcfa110d3e9815d1452599b616c9de70e59095c70,76909229861086371357065359063375386376724188566100365530636553772398203141154,,Up,buy,14,0.34
2025-12-23T12:11:47.563917+00:00,0x1eef1b990e2aa9b78f930dcda388803e06c24e206be49bcb9ee830bcda6f2a4c,13532621002647241503877137701957610513223465645682976895168884995530691973729,,Down,buy,3.4,0.27
2025-12-23T12:11:47.563951+00:00,0xbb0bb1c7d34971d95fba4b12dd5a28f731253a1919f758cb3dd9a04a8ba1dbf7,13532621002647241503877137701957610513223465645682976895168884995530691973729,,Down,buy,22,0.32
2025-12-23T12:11:47.563983+00:00,0x4a8c959db945b72939c25df6e64db20e0eeaa2083d3ad5416e821651e3f7e45b,13532621002647241503877137701957610513223465645682976895168884995530691973729,,Down,buy,22,0.31
2025-12-23T12:11:47.564015+00:00,0xb773f6b3397093e933d5e9a80c86e2572d7a834716dec66d7a027e7daf8ff813,94332214487753957162840487568470392955138077711695666721252252461704810516549,,Down,buy,22,0.33
2025-12-23T12:11:47.564046+00:00,0xcb63e4dbc8a1a113ec3d33a56aa50a54b7a527147d04797840b8387115275b78,76903759657129938950731912019753884840139310924771876717747942620176953105967,,Up,buy,22,0.73
2025-12-23T12:11:47.564075+00:00,0x87b32a873f77a3d81f91f6a71e89eaeb865e1ee7374921f33def96d32a0d86d8,10540957166672342545037849363605494799971533936981391416335531294077700579525,,Up,buy,14,0.51
2025-12-23T12:11:47.564105+00:00,0x495abc83be352e3a6a7b4cb5e953ae335b70b43a095636046d88a65756440da4,10540957166672342545037849363605494799971533936981391416335531294077700579525,,Up,buy,14,0.51
2025-12-23T12:11:47.564141+00:00,0xc0ee45d8331e9939a458a71ce7c3a835aad75552bd4680f860bd3fbb5d25c6f2,37589709367179078786477453784473461162331247664862535490019747132357232539203,,Up,buy,22,0.66
2025-12-23T12:11:47.564172+00:00,0x1af21786d2ec0272c7424e59c7b1b5bc0820dbe056d1af34b790ce0656cc25c4,37589709367179078786477453784473461162331247664862535490019747132357232539203,,Up,buy,22,0.66
2025-12-23T12:11:47.564202+00:00,0x03bfe54eb5f2fa752a8ebb2477276d33c354ccdd383efac7933f0d72de10a4da,76909229861086371357065359063375386376724188566100365530636553772398203141154,,Up,buy,14,0.43
2025-12-23T12:11:47.564233+00:00,0x07e73e250b8b275ddd2bb8e96daff4029bed2abb00c1947d713830962c1af11d,61755006687741320988583808670019813996645094168334706026150969764100621351498,,Down,buy,14,0.49
2025-12-23T12:11:47.564262+00:00,0x93f330e29facb6e352df923816803805294ebe9e668ac6ad743c815707cafdbe,76909229861086371357065359063375386376724188566100365530636553772398203141154,,Up,buy,5,0.56
2025-12-23T12:11:47.564291+00:00,0xfb3872efaecc666b4b9f0ff704f2457d28edd472a170c1eab22ccd9e8f133ec7,10540957166672342545037849363605494799971533936981391416335531294077700579525,,Up,buy,14,0.5123142857142857
2025-12-23T12:11:47.564321+00:00,0xb0c1e4fca0669343d8aedf402b5c58a04bdb0b66f98395f6aa8fe969cdcb469a,76909229861086371357065359063375386376724188566100365530636553772398203141154,,Up,buy,14,0.53
2025-12-23T12:11:47.564350+00:00,0x7f46b9526b4775ea0f86f3e3e8fa26eff478dc4a31015ef34778969d392099c9,76909229861086371357065359063375386376724188566100365530636553772398203141154,,Up,buy,15,0.56
2025-12-23T12:11:47.564378+00:00,0xf3fb8aefb642b4a723991de29891141afac447aca0e13eec0acaf47cfe539c78,10540957166672342545037849363605494799971533936981391416335531294077700579525,,Up,buy,14,0.51
2025-12-23T12:11:47.564407+00:00,0x90b1a5cf6fa1bd02f9c00637f3c2776a761ae6c9f514990851709b18f67fda89,94332214487753957162840487568470392955138077711695666721252252461704810516549,,Down,buy,22,0.32
2025-12-23T12:11:47.564435+00:00,0xa984e30c35c2e9b6f35cdb7b34b4c4c3689b0b52a8852dd419c0f0b90d848a92,94332214487753957162840487568470392955138077711695666721252252461704810516549,,Down,buy,21.71,0.32
2025-12-23T12:11:47.564465+00:00,0xdfcbca0cca80ec0b933ec06fcc5d58d676061491d79105f42e5f02f91a48e0e7,94332214487753957162840487568470392955138077711695666721252252461704810516549,,Down,buy,22,0.32
2025-12-23T12:11:47.564493+00:00,0x79b5adbd45a68fb09845ff6b75c98852e16aea82bd486b7574cbb211fa64d852,94332214487753957162840487568470392955138077711695666721252252461704810516549,,Down,buy,22,0.32
2025-12-23T12:11:47.564521+00:00,0x36a104e05c6c270733ec39aeea2cd524eb88177f7fc4d0bee19dc782a1ce4939,13532621002647241503877137701957610513223465645682976895168884995530691973729,,Down,buy,22,0.29289545454545457
2025-12-23T12:11:47.564550+00:00,0x469724010ff0f3db55d7cce9fdf36126f89035538c8c3de4533960d332d49593,94332214487753957162840487568470392955138077711695666721252252461704810516549,,Down,buy,22,0.32
2025-12-23T12:11:47.564579+00:00,0xcef10d1d090d9fdeda1568dcd0eef5360eb5e71d266d60d188e0cbaeec327219,94332214487753957162840487568470392955138077711695666721252252461704810516549,,Down,buy,22,0.32
2025-12-23T12:11:47.564606+00:00,0xc485b99394111d3b3906024bf8cf30678a42727712a951fa17628b97af064b91,94332214487753957162840487568470392955138077711695666721252252461704810516549,,Down,buy,22,0.32
2025-12-23T12:11:47.564634+00:00,0x8c2d3190b69e0e8b7a35fae2bbe8e80e150236837c42eeab6d872a4b91a45b12,41649298205647508587657983419737619054577844831472384636513906999914458655929,,Down,buy,9.8,0.5
2025-12-23T12:11:47.564664+00:00,0x6df838a062516b1a2410b1bf566bb24c2663fcd0c8896380883359711a6a7b7a,13532621002647241503877137701957610513223465645682976895168884995530691973729,,Down,buy,22,0.26
2025-12-23T12:11:47.564693+00:00,0xf695cc8d41701d3a1f14fd24db2874c995d0d55ec29a4f8291813def559fa8e1,37589709367179078786477453784473461162331247664862535490019747132357232539203,,Up,buy,22,0.67
2025-12-23T12:11:47.564722+00:00,0x6d78923f9b9d5822805f7506257387b2ea2df4ea3a9548972526a5b164620c96,94332214487753957162840487568470392955138077711695666721252252461704810516549,,Down,buy,22,0.32
2025-12-23T12:11:47.564753+00:00,0xc48ef2c80c8016913241490786ea7817a1cbaa49cd8306a60ee9c3cdac2494f0,41649298205647508587657983419737619054577844831472384636513906999914458655929,,Down,buy,15,0.56
2025-12-23T12:11:47.564781+00:00,0x7284f11475c564347a2d58413f5fede6bda484a41a9416c13e49048a4ae9f365,41649298205647508587657983419737619054577844831472384636513906999914458655929,,Down,buy,15,0.56
2025-12-23T12:11:47.564810+00:00,0xc6265c7d91af4e90ee8e4a763d43c0756afc9309477f1be50e8fc129978fd7e2,13532621002647241503877137701957610513223465645682976895168884995530691973729,,Down,buy,22,0.36
2025-12-23T12:11:47.564838+00:00,0xad2ee2470eb9250f89a5b02a72f362595dd1f8082883b190a300d0ba41846a79,41649298205647508587657983419737619054577844831472384636513906999914458655929,,Down,buy,15,0.56
2025-12-23T12:11:47.564866+00:00,0xa5609aa2ab9398d4192d51baf278ea511735221035aa833082be641218630710,41649298205647508587657983419737619054577844831472384636513906999914458655929,,Down,buy,15,0.56
2025-12-23T12:11:47.564894+00:00,0xc8dbe8b0d833dc61fe343c03e77661b17fbaac89eda78b50f333a6db79a69d31,41649298205647508587657983419737619054577844831472384636513906999914458655929,,Down,buy,15,0.56
2025-12-23T12:11:47.564923+00:00,0xb761a0f6c1460a4ebbb77b4ba5650dfa3e75e9eb2ddcb00edbd44e0865cd2aed,13532621002647241503877137701957610513223465645682976895168884995530691973729,,Down,buy,22,0.36
2025-12-23T12:11:47.564952+00:00,0xbbb8c9826920f5dcc1c563c7feaf66d3baf86dd3396114ea38dce4914f0ad9c3,13532621002647241503877137701957610513223465645682976895168884995530691973729,,Down,buy,22,0.36
2025-12-23T12:11:47.564981+00:00,0x46d0fed190a5cec5514167d73a19f79b555a3bf98609d93ba0f2db6c4df2d652,76903759657129938950731912019753884840139310924771876717747942620176953105967,,Up,buy,22,0.5
2025-12-23T12:11:47.565011+00:00,0x4671e6bd606bdd8bdb7286fa9ca8475a64e68859fab98202e1c84c0a4c34fd05,76903759657129938950731912019753884840139310924771876717747942620176953105967,,Up,buy,22,0.5
2025-12-23T12:11:47.565041+00:00,0xd9a432314553902be1e83173f3231fdd35179f6498c2aebac9ca539a66edc501,13532621002647241503877137701957610513223465645682976895168884995530691973729,,Down,buy,22,0.41
2025-12-23T12:11:47.565070+00:00,0xa6a416079a0639e971ea8bb256e5c1d11c71e297ea7d37a7d3e97dd1ddc240c4,13532621002647241503877137701957610513223465645682976895168884995530691973729,,Down,buy,22,0.36067272727272726
2025-12-23T12:11:47.565100+00:00,0x761ac2fe2d72ad3427f745ecb5f6c6c10c3973ec90e19acf7508e6dc8fdbc1ac,76903759657129938950731912019753884840139310924771876717747942620176953105967,,Up,buy,22,0.5
2025-12-23T12:11:47.565130+00:00,0x46d09a5a9cec3125becb1abfb5b3eb701a5dbd45fcfe12a38b8ad4c381d93060,76903759657129938950731912019753884840139310924771876717747942620176953105967,,Up,buy,22,0.5
2025-12-23T12:11:47.565158+00:00,0x5928c323e5653ca60e82c831a70e21ed08142ad95a8aa65b4e5d44dca2f4bcc6,76903759657129938950731912019753884840139310924771876717747942620176953105967,,Up,buy,22,0.49
2025-12-23T12:11:47.565187+00:00,0x2f736dc7b2d362b3e6cf456233e341707f43385c085ec6b46e305f114fee787e,76903759657129938950731912019753884840139310924771876717747942620176953105967,,Up,buy,22,0.5
2025-12-23T12:11:47.565215+00:00,0xf37ac3611f182e3d48049ae3f62946718539de156e7152c9dbf27eb95cebad08,76903759657129938950731912019753884840139310924771876717747942620176953105967,,Up,buy,22,0.5
2025-12-23T12:11:47.565244+00:00,0x569719a855f84658305872f4c5e523215bec1b44dc63cf5608941c1b1758c61f,76903759657129938950731912019753884840139310924771876717747942620176953105967,,Up,buy,13,0.44
2025-12-23T12:11:47.565273+00:00,0x3c8719f0436d5a97d7feb1d4f7bf3372e3deee304bbb44a39f8b577f5c40a429,76903759657129938950731912019753884840139310924771876717747942620176953105967,,Up,buy,22,0.37
2025-12-23T12:11:47.565301+00:00,0x738f7e5b0c82b6193e7f4c3e61e557378c53dbc4d64303dfda3e9d409f6205ad,41649298205647508587657983419737619054577844831472384636513906999914458655929,,Down,buy,15,0.76
2025-12-23T12:11:47.565331+00:00,0xfd3b432f749e69ca71f75d7bfdbe8768dcc1efcf9acc175948087e7eb788e9d4,41649298205647508587657983419737619054577844831472384636513906999914458655929,,Down,buy,15,0.75
2025-12-23T12:11:47.565364+00:00,0x24ed0737b8923d35dc433b4497f116e285e93c916888cf91aa2f4e19be4a6266,76909229861086371357065359063375386376724188566100365530636553772398203141154,,Up,buy,15,0.26
2025-12-23T12:11:47.565394+00:00,0x2d6e01e56cb26d97d5df721cd7d360206734a808bb2a1c338a4614b9cc142870,13532621002647241503877137701957610513223465645682976895168884995530691973729,,Down,buy,23,0.66
2025-12-23T12:11:47.565424+00:00,0xccf443ab90a9926609e936adb1f3dd7b05fc27f29fd546c3f9747d3952a0f66f,76903759657129938950731912019753884840139310924771876717747942620176953105967,,Up,buy,24,0.29
2025-12-23T12:11:47.565455+00:00,0xdc26aa4eda080a37e859033ab258256a0a1fe41519c52e1c12d9ff04129f4187,76903759657129938950731912019753884840139310924771876717747942620176953105967,,Up,buy,24,0.29
2025-12-23T12:11:47.565485+00:00,0x1204ef8fdcf8e985ffac9f7105a390f3229c0d60f58dcbbd55789967f7fbe3cd,76909229861086371357065359063375386376724188566100365530636553772398203141154,,Up,buy,16,0.25
2025-12-23T12:11:47.565515+00:00,0x32a1e13513b37b83135cba4d3ff429ae98d9db3cb6e608eaa0a6642f97b31696,76909229861086371357065359063375386376724188566100365530636553772398203141154,,Up,buy,16,0.24
2025-12-23T12:11:47.565544+00:00,0x8c7e61a9cddf48d4d4d86e89b8c639f50b9d367bd673d28f3d00d0ae3ad400c7,76909229861086371357065359063375386376724188566100365530636553772398203141154,,Up,buy,8,0.24
2025-12-23T12:11:47.565574+00:00,0xb7edc67ebc96fde9dac7cfc3ded7dac7393ad0121264e645c9f63bdcd6281717,13532621002647241503877137701957610513223465645682976895168884995530691973729,,Down,buy,6.93,0.7
2025-12-23T12:11:47.565603+00:00,0x5fde52b84b6a8fe7a9d252ed3e3ea09f7ae3c0d9c92eb18473eaa56f37accb66,13532621002647241503877137701957610513223465645682976895168884995530691973729,,Down,buy,24,0.7
2025-12-23T12:11:47.565632+00:00,0xad0b4b6a0cd54c83fd3b2be248e5211b15b54523e1c49f0be13ff9cedb8196cc,41649298205647508587657983419737619054577844831472384636513906999914458655929,,Down,buy,16,0.73
2025-12-23T12:11:47.565661+00:00,0xf6f273f6a6c838f629c83e57820f7995c438565508cc3708c2f9704ffbbe4b68,41649298205647508587657983419737619054577844831472384636513906999914458655929,,Down,buy,16,0.73
2025-12-23T12:11:47.565689+00:00,0x658caa7eb35ee57fc144a3be282080f1ca221a0b4b5ae6fbc47c8e70891cb01d,76909229861086371357065359063375386376724188566100365530636553772398203141154,,Up,buy,15.8,0.18
2025-12-23T12:11:47.565717+00:00,0x88fd737804167dff71bd969ff510e1a9f3c34f8f8b87bd65b6aecdfcb6b1eeb2,76909229861086371357065359063375386376724188566100365530636553772398203141154,,Up,buy,16,0.18
2025-12-23T12:11:47.565746+00:00,0xa0adca89806a61dec383b4c9d127f8d9af43397dff90f4d127adda34d3dffc8d,41649298205647508587657983419737619054577844831472384636513906999914458655929,,Down,buy,16,0.85
2025-12-23T12:11:47.565779+00:00,0xc23b86b2e0d2636133bbd8a9cc1193d820a093c429d5bb0488888347eeec67d9,41649298205647508587657983419737619054577844831472384636513906999914458655929,,Down,buy,16,0.85
2025-12-23T12:11:47.565807+00:00,0xec972d3bfb842e14499140e14aedd0931f90ead10ffb4b158db4d03504557872,41649298205647508587657983419737619054577844831472384636513906999914458655929,,Down,buy,16,0.85
2025-12-23T12:11:47.565855+00:00,0x8fdf52f3f3231a9a5bd020af1a1f107e692fef988d6aa4c7fa418b3b23984d45,41649298205647508587657983419737619054577844831472384636513906999914458655929,,Down,buy,16,0.85
2025-12-23T12:11:47.565889+00:00,0xd029a7cf08e34909e0132494a303fce4cb189a31b7628c2ae796103445ea35eb,41649298205647508587657983419737619054577844831472384636513906999914458655929,,Down,buy,16,0.85
2025-12-23T12:11:47.565920+00:00,0x2b4e63345b13260defe88275bcbdce32e40aaf02c2940da53e275ecd97188907,13532621002647241503877137701957610513223465645682976895168884995530691973729,,Down,buy,24,0.8
2025-12-23T12:11:47.565950+00:00,0x70350e73db42671a3ebc57d87829070a3a25ccad4d6633ee69b5520bdef4d1aa,13532621002647241503877137701957610513223465645682976895168884995530691973729,,Down,buy,24,0.8
2025-12-23T12:11:47.565979+00:00,0xb010b4e2df366c4e22f7d80f93e1e13ede0928c926c265358d1817ca9b43cb22,41649298205647508587657983419737619054577844831472384636513906999914458655929,,Down,buy,16,0.85
2025-12-23T12:11:47.566012+00:00,0x7c042903f0a86d6d7c0041ce2408a9892250ee9c1ccc2f5a069b45ed11132350,13532621002647241503877137701957610513223465645682976895168884995530691973729,,Down,buy,24,0.8
2025-12-23T12:11:47.566042+00:00,0x3dfe1626c07adf966d602c62367b46979fc07bad4293fa10bedf4eacf7ab3de8,13532621002647241503877137701957610513223465645682976895168884995530691973729,,Down,buy,24,0.8
2025-12-23T12:11:47.566071+00:00,0x1136447496a324f28c85920255452103952c1e965f08dddd500e0a0b45e6848a,13532621002647241503877137701957610513223465645682976895168884995530691973729,,Down,buy,24,0.8
2025-12-23T12:11:47.566100+00:00,0x0e77446c98a511b8e8d5878f7b907d9730b38d87951b181f4e5bd1f96d4fa54b,13532621002647241503877137701957610513223465645682976895168884995530691973729,,Down,buy,24,0.8
2025-12-23T12:11:47.566128+00:00,0x34b4cf770e5e5e1bbc6e7de5ca1b5f3da0fb17ac6475074b683b70995a362b51,76909229861086371357065359063375386376724188566100365530636553772398203141154,,Up,buy,16,0.07
2025-12-23T12:11:47.566156+00:00,0x6c653f6c3956f1e9d660f3c9d40a6186e2841aca134ec932df0a86df4722fcc6,76909229861086371357065359063375386376724188566100365530636553772398203141154,,Up,buy,16,0.07
2025-12-23T12:11:47.566185+00:00,0x25cdb80d19f8ed3b0d5911ca7e86c5f740dc9407a2af6165e9afa93f4da25b6a,94332214487753957162840487568470392955138077711695666721252252461704810516549,,Down,buy,20,0.62
2025-12-23T12:11:47.566213+00:00,0x8f6fe9a2cb2035cc4d30ac0d6dc1c46ada9e67b90d42ddd19dc6d0274c6f539c,76903759657129938950731912019753884840139310924771876717747942620176953105967,,Up,buy,24,0.14
2025-12-23T12:11:47.566242+00:00,0xad9af7a1e1ce5e75ad957fd6dcce393d095bd7595d98e659588f346f39fa90a7,76903759657129938950731912019753884840139310924771876717747942620176953105967,,Up,buy,24,0.14
2025-12-23T12:11:47.566270+00:00,0x115e26c0c96437951bd1e4ad718df77b724af5a5f90f29d4a61f8911ff93ed62,94332214487753957162840487568470392955138077711695666721252252461704810516549,,Down,buy,22,0.6
2025-12-23T12:11:47.566298+00:00,0x34c61ecde1438933b5db9d8fe7a80157fb6436d8a0d91529475713686be87026,94332214487753957162840487568470392955138077711695666721252252461704810516549,,Down,buy,22,0.6
2025-12-23T12:11:47.566327+00:00,0x4af4b3406f46e53a0c4ce21627f65f3d88e2c7802d04f37a27dd28268b722ec8,41649298205647508587657983419737619054577844831472384636513906999914458655929,,Down,buy,16,0.91
2025-12-23T12:11:47.566355+00:00,0x6e3cfc35c859dbcbcc57d3444b0e37ec2bd0673044a4321f2649d67bf676d47c,41649298205647508587657983419737619054577844831472384636513906999914458655929,,Down,buy,16,0.91
2025-12-23T12:11:47.566385+00:00,0xadf240b57e63df23bd6db5228904ab8e142827fa09d239582b73c58efaf6c735,94332214487753957162840487568470392955138077711695666721252252461704810516549,,Down,buy,22,0.6
2025-12-23T12:11:47.566413+00:00,0x812b9a482a6cb5cace0852656b2ed4e323b4440a20242b4ec5a4df2db9d9279c,76903759657129938950731912019753884840139310924771876717747942620176953105967,,Up,buy,24,0.15
2025-12-23T12:11:47.566442+00:00,0xac22b9423f5210fe2e64c7530f837a153e90ec76a66679039e1a6f3d6488cb02,37589709367179078786477453784473461162331247664862535490019747132357232539203,,Up,buy,22,0.41
2025-12-23T12:11:47.566470+00:00,0xf47f0a0a3a30928b06cbb7abd32d9c2cf2ea2aa5f856869d1344775e11fdb062,37589709367179078786477453784473461162331247664862535490019747132357232539203,,Up,buy,22,0.41
2025-12-23T12:11:47.566498+00:00,0x56ab586624559664cdca69662790045b7a78515549f42b9bbd0134c20909780e,37589709367179078786477453784473461162331247664862535490019747132357232539203,,Up,buy,22,0.41
2025-12-23T12:11:47.566527+00:00,0x0afce36b753befcdc3687c8ab99688988145b188b3573c110b91c2cd2ac6f5ad,37589709367179078786477453784473461162331247664862535490019747132357232539203,,Up,buy,22,0.41
2025-12-23T12:11:47.566555+00:00,0x8eb46840236d04db370538a65d927d4d109be48255858df7499eb125f05e57ff,37589709367179078786477453784473461162331247664862535490019747132357232539203,,Up,buy,22,0.41
2025-12-23T12:11:47.566585+00:00,0xf813328f17948266b71fba5887d2bfd9bdaa71b01640c70ed7c6f60541709458,37589709367179078786477453784473461162331247664862535490019747132357232539203,,Up,buy,22,0.41
2025-12-23T12:11:47.566614+00:00,0xc15e8ecabf7b40c03cb27d24b094bf2ea08f30ad85a950e67eba0898bdd37622,37589709367179078786477453784473461162331247664862535490019747132357232539203,,Up,buy,22,0.41
2025-12-23T12:11:47.566643+00:00,0x71967a0ec03006e1b87c18203bc2fad94b10a5cc2a8553653f35b8f094f1ccf3,37589709367179078786477453784473461162331247664862535490019747132357232539203,,Up,buy,22,0.41
2025-12-23T12:11:47.566671+00:00,0x2d8c4d2c29cc6f72f331dc8648921ca50a09f76fefc48cb5f62a2ec7ea66a9bf,37589709367179078786477453784473461162331247664862535490019747132357232539203,,Up,buy,22,0.41
2025-12-23T12:11:47.566700+00:00,0xd884cf2d90a37b22d37e790fec8ee91a9cd14b905ce28f3d41485c424620b688,61755006687741320988583808670019813996645094168334706026150969764100621351498,,Down,buy,14,0.67
2025-12-23T12:11:47.566728+00:00,0x7106594dc1d564bca7fb01cb81df0ad92559534fba96b86e49a4223924ec658e,61755006687741320988583808670019813996645094168334706026150969764100621351498,,Down,buy,14,0.67
2025-12-23T12:11:47.566756+00:00,0xbbdd0336364797fdab6a079ca853f3c3c4a3da5353a549a2fbf4c18f041103e2,13532621002647241503877137701957610513223465645682976895168884995530691973729,,Down,buy,24,0.8
2025-12-23T12:11:47.566786+00:00,0x9d449f81bff72cef1c0c6d59d6cdc20a2f84577d4a3b6cda1c9f69bb9353a990,13532621002647241503877137701957610513223465645682976895168884995530691973729,,Down,buy,24,0.8
2025-12-23T12:11:47.566814+00:00,0x890c97deba35b44144440aaf144a327b225a6d37e95a0cc129646063837c148e,13532621002647241503877137701957610513223465645682976895168884995530691973729,,Down,buy,24,0.79
2025-12-23T12:11:47.566842+00:00,0xc04dd44a73f4e84419fa6dc2ff6454decda2d9b75d555df305e50389b2bdcd0b,13532621002647241503877137701957610513223465645682976895168884995530691973729,,Down,buy,24,0.8
2025-12-23T12:11:47.566871+00:00,0xae39347f484593a9b772e58555785d640c67b81182e1b0f2bff5ca4ba82eadb2,13532621002647241503877137701957610513223465645682976895168884995530691973729,,Down,buy,24,0.8
2025-12-23T12:11:47.566900+00:00,0x911cbfbf7cfbe31ee735a01b6c68f281713e519ae485d4d3889c08fbd9b41cec,13532621002647241503877137701957610513223465645682976895168884995530691973729,,Down,buy,24,0.8
2025-12-23T12:11:47.566928+00:00,0x21659ea216ca28a86a59b5b7584f5561feb859eda8c9fe2e42b4a3db0ae398a3,13532621002647241503877137701957610513223465645682976895168884995530691973729,,Down,buy,24,0.8
2025-12-23T12:11:47.566957+00:00,0xbd440f736e84180817f8359db3a12f8ed1582b9b594592180f4bf12c72150067,13532621002647241503877137701957610513223465645682976895168884995530691973729,,Down,buy,24,0.8
2025-12-23T12:11:47.566985+00:00,0x2958c73980f50696b32355f64926fd51f95f9e0db9195e13d9b68e0e758bbbea,61755006687741320988583808670019813996645094168334706026150969764100621351498,,Down,buy,14,0.65
2025-12-23T12:11:47.567014+00:00,0x266cce0ff3d7eb0125c5d0474abfaf84baa5cf454231d667f616d4f0f789c83b,41649298205647508587657983419737619054577844831472384636513906999914458655929,,Down,buy,1.66,0.86
2025-12-23T12:11:47.567043+00:00,0xbd7800d5682be5bfc9e7823ae676610ca063aa4761ec8556d1b891056be8cf48,10540957166672342545037849363605494799971533936981391416335531294077700579525,,Up,buy,14,0.27
2025-12-23T12:11:47.567072+00:00,0x73f45210ef1da7225fccf061b8a8dfe644edf80cfb6b633cf4eafd3c1e8594e9,94332214487753957162840487568470392955138077711695666721252252461704810516549,,Down,buy,22,0.68
2025-12-23T12:11:47.567100+00:00,0x9a1abc5ff06179e9fa132e18fc7c1d4adf0202ca980f914600222edb17a72ea7,94332214487753957162840487568470392955138077711695666721252252461704810516549,,Down,buy,22,0.68
2025-12-23T12:11:47.567128+00:00,0x1e8e18d1aec7382937069502f4283fa205971d49d11e9e8740ad201db02fbfa6,94332214487753957162840487568470392955138077711695666721252252461704810516549,,Down,buy,22,0.68
2025-12-23T12:11:47.567157+00:00,0xf37d3eb6273eddddb81c161e82267cf4f85024e22ff2370b859b06f5af8b2877,76909229861086371357065359063375386376724188566100365530636553772398203141154,,Up,buy,15,0.11
2025-12-23T12:11:47.567188+00:00,0xe8e8680e6a4a90af4746ff303e7c7a9e355ef916fa2877e0f5f7f634d800ff0e,94332214487753957162840487568470392955138077711695666721252252461704810516549,,Down,buy,22,0.68
2025-12-23T12:11:47.567216+00:00,0xbe1f9f22b5b7112f5d4800e017e635e49c5bb22fbbcd796480a00696452e7eb6,94332214487753957162840487568470392955138077711695666721252252461704810516549,,Down,buy,22,0.68
2025-12-23T12:11:47.567245+00:00,0x23710c75909c216d4abf3a75fdff5f7c9c90e3097f838cc115893d0b9fce2c2b,94332214487753957162840487568470392955138077711695666721252252461704810516549,,Down,buy,22,0.68
2025-12-23T12:11:47.567273+00:00,0x827af57af7f57a11f73ef43c62fdc1e0d234bda61a021b468634f5837ac56598,76903759657129938950731912019753884840139310924771876717747942620176953105967,,Up,buy,24,0.12
2025-12-23T12:11:47.567302+00:00,0x0937b9415d7cc588b59bef0b95c3492c79761c7a23520772c1dbb21c63dcd9f8,10540957166672342545037849363605494799971533936981391416335531294077700579525,,Up,buy,14,0.29
2025-12-23T12:11:47.567330+00:00,0xd8e71cfa3b457c4c46d24aace313e700ed7c9074521739ba77ea491e9514f026,94332214487753957162840487568470392955138077711695666721252252461704810516549,,Down,buy,22,0.7
2025-12-23T12:11:47.567359+00:00,0x749b338d8592541a67c6895bce103f3cc988bb3a7f63e5aa819a494826953baa,13532621002647241503877137701957610513223465645682976895168884995530691973729,,Down,buy,24,0.89
2025-12-23T12:11:47.567387+00:00,0x53a2b6fe4c9506171bae9f6de67f8cbe91ce71e1cfe9727febb134e44c36aac4,94332214487753957162840487568470392955138077711695666721252252461704810516549,,Down,buy,22,0.69
2025-12-23T12:11:47.567417+00:00,0x8faeb64af71a0a705bc5c69fa2aefc29ee15c1427342386cfd38b2a2f9be9d11,94332214487753957162840487568470392955138077711695666721252252461704810516549,,Down,buy,22,0.69
2025-12-23T12:11:47.567445+00:00,0xb94f6a02c0bef2add19a2352f2970d38d105dae4c1d18ad95f2852e6473db8ae,13532621002647241503877137701957610513223465645682976895168884995530691973729,,Down,buy,24,0.89
2025-12-23T12:11:47.567474+00:00,0x26b4757c83911af0eff4d38336fde2b723e08a716c1814d11565afb8a2d5ce4b,13532621002647241503877137701957610513223465645682976895168884995530691973729,,Down,buy,24,0.9
2025-12-23T12:11:47.567502+00:00,0xc9dee3189d3ce2c1c30ba9fff41aa32cf799191618f3edfb10f75347228bb94e,13532621002647241503877137701957610513223465645682976895168884995530691973729,,Down,buy,24,0.89
2025-12-23T12:11:47.567530+00:00,0x58c5d7da32fb79bd34f72f6d9851b6c9a254c2779873cd2d1f9a1e9216d49071,13532621002647241503877137701957610513223465645682976895168884995530691973729,,Down,buy,24,0.9
2025-12-23T12:11:47.567558+00:00,0x8e1d7e03bac44d4fa1c483e1405e26c750762301e5d68cb950efc5e4c6093668,94332214487753957162840487568470392955138077711695666721252252461704810516549,,Down,buy,22,0.7
2025-12-23T12:11:47.567587+00:00,0x3c53baf5bd70e94421c49116d308d6bd42386b9c315e6d433518380d16b06c81,94332214487753957162840487568470392955138077711695666721252252461704810516549,,Down,buy,22,0.7
2025-12-23T12:11:47.567615+00:00,0x29d2dff641574efa1dfc766fe14affc864d721de83d195ff5b89bb3925fd54af,94332214487753957162840487568470392955138077711695666721252252461704810516549,,Down,buy,22,0.7
2025-12-23T12:11:47.567643+00:00,0x8b8e1d686c2debe72df2b85c26f87c7fbf3d1f11b4258fc217239099678c4c40,94332214487753957162840487568470392955138077711695666721252252461704810516549,,Down,buy,22,0.7
2025-12-23T12:11:47.567671+00:00,0xd9d90c7fde2b3a7473099b70fd2af219ac31de702622fd31d7c948385f7a11f2,13532621002647241503877137701957610513223465645682976895168884995530691973729,,Down,buy,24,0.86
2025-12-23T12:11:47.567700+00:00,0x7a9db8badc4d78046e71a23c32a815f08c133638b0753671b1ba0af2771826c0,10540957166672342545037849363605494799971533936981391416335531294077700579525,,Up,buy,12.91,0.34
2025-12-23T12:11:47.567728+00:00,0x620ce32ee8cc8b67ac70e07d6650273463d396ab8d17b08bf2dfa68858f6637f,94332214487753957162840487568470392955138077711695666721252252461704810516549,,Down,buy,22,0.68
2025-12-23T12:11:47.567756+00:00,0xeb5706d6660de90d10bec93b0b62314cdebac55b1cfd7bccefb79efd65d78217,94332214487753957162840487568470392955138077711695666721252252461704810516549,,Down,buy,22,0.68
2025-12-23T12:11:47.567787+00:00,0x84e5dc6e8a624bbcfa9b423016c33236da31d208bbb1e06e4a5a3cfbd7d9d634,94332214487753957162840487568470392955138077711695666721252252461704810516549,,Down,buy,22,0.68
2025-12-23T12:11:47.567815+00:00,0x0b68a4e6a409c8e345c796e7e7e54970e6e5bc267228acfdfc9b6f16934f7a52,61755006687741320988583808670019813996645094168334706026150969764100621351498,,Down,buy,10,0.65
2025-12-23T12:11:47.567844+00:00,0x64151c9da61a1f72b85c9ec47b2226eb6a08be30957bd0e88e103133277ebe68,61755006687741320988583808670019813996645094168334706026150969764100621351498,,Down,buy,14,0.64
2025-12-23T12:11:47.567873+00:00,0xb2f8031fcfda5196537908545c88436211cbae3c191b30ebcf64cb43f0c438fc,94332214487753957162840487568470392955138077711695666721252252461704810516549,,Down,buy,6.5,0.65
2025-12-23T12:11:47.567901+00:00,0x4dd6c3ce01a013ac330966e91a088c4177bcbfa095cb514358eed50300f00c18,61755006687741320988583808670019813996645094168334706026150969764100621351498,,Down,buy,11,0.64
2025-12-23T12:11:47.567930+00:00,0x1ebfd82a80624dd047bfc2ad7001034a98f51268e7fb8d5537046e3101e4fe6e,61755006687741320988583808670019813996645094168334706026150969764100621351498,,Down,buy,14,0.64
2025-12-23T12:11:47.567958+00:00,0xeaaddebc76e051a70ca3d827923d0cda5f5a152c7e56b29887b426d3cda4c951,94332214487753957162840487568470392955138077711695666721252252461704810516549,,Down,buy,5,0.64
2025-12-23T12:11:47.567986+00:00,0x1646a4205f0e21cd611062987f4a206059f0b136a3ef40c9f3d6fc3c7ffbc0e3,76909229861086371357065359063375386376724188566100365530636553772398203141154,,Up,buy,10,0.21
2025-12-23T12:11:47.568015+00:00,0x4774219459b1bdc42ed577c9d7145c6d80ddaf8645b882f7b098f1c848a5c5f9,13532621002647241503877137701957610513223465645682976895168884995530691973729,,Down,buy,24,0.79
2025-12-23T12:11:47.568043+00:00,0x83e901856f8ec6d36416e94ecb3930862d528c92665fae56858bfc7e531d3d2e,76903759657129938950731912019753884840139310924771876717747942620176953105967,,Up,buy,24,0.17
2025-12-23T12:11:47.568072+00:00,0x4bdfd08834250893a0b3d73dc1f48527340bbd7fee9e1d49a9a36781868c9d2a,76903759657129938950731912019753884840139310924771876717747942620176953105967,,Up,buy,24,0.17
2025-12-23T12:11:47.568100+00:00,0xe3ccb7967f85632d83aaaadeb746a269f73c7d08df5184f9ae31419f43e495d3,13532621002647241503877137701957610513223465645682976895168884995530691973729,,Down,buy,24,0.81
2025-12-23T12:11:47.568129+00:00,0x93c6654ccf4d3f31ce045cc1ce4aa01fcb783367d0477675513877f4bd83a8af,37589709367179078786477453784473461162331247664862535490019747132357232539203,,Up,buy,22,0.34
2025-12-23T12:11:47.568157+00:00,0xbb81aa61a43aba7d7f8a693c0166cb0178ee28d7179f8ccfc86daa27b8148a1b,61755006687741320988583808670019813996645094168334706026150969764100621351498,,Down,buy,14,0.65
2025-12-23T12:11:47.568185+00:00,0xe17bbf9eefae81d8693feaa242c403beb7c084fe03296c1135fa418c7ff3d202,76903759657129938950731912019753884840139310924771876717747942620176953105967,,Up,buy,24,0.19
2025-12-23T12:11:47.568213+00:00,0x677c46ed3c137b926077a90156550eb8ec41afb944164c40668f7547e5167b59,61755006687741320988583808670019813996645094168334706026150969764100621351498,,Down,buy,14,0.65
2025-12-23T12:11:47.568241+00:00,0x8813d10a939e34a161e5d95cf6a16c749f84c259ab3581a5467c27e3a962e0c5,61755006687741320988583808670019813996645094168334706026150969764100621351498,,Down,buy,8,0.65
2025-12-23T12:11:47.568269+00:00,0x6691d1fae73cff84a8a7c1c926fb235fb1772fac82b7d440413806b6c3b3c970,76909229861086371357065359063375386376724188566100365530636553772398203141154,,Up,buy,16,0.19
2025-12-23T12:11:47.568297+00:00,0x5275f82e5dfee30f29a081e34ec646c55a7fe609d914d871159ccd70e8076c11,76909229861086371357065359063375386376724188566100365530636553772398203141154,,Up,buy,10,0.19
2025-12-23T12:11:47.568326+00:00,0xac9d75a8360d140f73e9b381570dd74eba6012dac056242dcfe2d55243c5e7de,76903759657129938950731912019753884840139310924771876717747942620176953105967,,Up,buy,24,0.17
2025-12-23T12:11:47.568355+00:00,0x9014288123236eaa3f815e22311890173af5dee10459fc3209c83ab6763d8e6f,76903759657129938950731912019753884840139310924771876717747942620176953105967,,Up,buy,24,0.19
2025-12-23T12:11:47.568386+00:00,0x9e4ba35033d0f4848038b57506067019c1dd79ecb980dd0a5ec892399b2e914a,76903759657129938950731912019753884840139310924771876717747942620176953105967,,Up,buy,24,0.1765125
2025-12-23T12:11:47.568415+00:00,0xbf4005fb3a70daee4d341a7de0fa7c2e5ba4113c030b7c95be3ece5145148861,76903759657129938950731912019753884840139310924771876717747942620176953105967,,Up,buy,24,0.18
2025-12-23T12:11:47.568444+00:00,0x99a26082b3c7514439ddb3ea281327b247cf571768e088e2686645aa0b0f6e33,41649298205647508587657983419737619054577844831472384636513906999914458655929,,Down,buy,7.81,0.74
2025-12-23T12:11:47.568474+00:00,0x429f5bc9e3b4f8f9861e384788eb78cde3d6badad44c26ee03f7316e67c4a8cd,61755006687741320988583808670019813996645094168334706026150969764100621351498,,Down,buy,5,0.62
2025-12-23T12:11:47.568503+00:00,0x09969cbe08bc94b6ba5ea761534f94ea9774dcc96304f81c53d8e996254dc92c,41649298205647508587657983419737619054577844831472384636513906999914458655929,,Down,buy,16,0.74
2025-12-23T12:11:47.568531+00:00,0xfedbb29718feee9ec10d386de590b09609314444493512a343ee7abf98465267,41649298205647508587657983419737619054577844831472384636513906999914458655929,,Down,buy,16,0.74
2025-12-23T12:11:47.568560+00:00,0xe32d317687bb2ad94d98a501c79a4aa0fa7e20e22ddec1abdbb6867b28579ca7,13532621002647241503877137701957610513223465645682976895168884995530691973729,,Down,buy,24,0.71
2025-12-23T12:11:47.568588+00:00,0x3d44f50d9557e422e4516a37be3ea5912ca16a20e1c2bd84ee7192e41764d9ce,41649298205647508587657983419737619054577844831472384636513906999914458655929,,Down,buy,16,0.74
2025-12-23T12:11:47.568617+00:00,0x70cc19332df3f036ec902f5c9b513f815120bb64941681e0cd22d5d17f1dc560,94332214487753957162840487568470392955138077711695666721252252461704810516549,,Down,buy,5,0.59
2025-12-23T12:11:47.568645+00:00,0x8e4e4752eace6aab3de899456dfd2511d215cdcb0ab35935d2adbab99ac844b9,13532621002647241503877137701957610513223465645682976895168884995530691973729,,Down,buy,24,0.71
2025-12-23T12:11:47.568673+00:00,0x17d6f2406a6658879585426dca0001097e5a993523638a74f9b034a2791eba31,41649298205647508587657983419737619054577844831472384636513906999914458655929,,Down,buy,16,0.74
2025-12-23T12:11:47.568701+00:00,0xf169c9e15e9061db382c29e4aa1498b5f7393b928a68e6e9ccdb936ea41a96b5,13532621002647241503877137701957610513223465645682976895168884995530691973729,,Down,buy,24,0.71
2025-12-23T12:11:47.568729+00:00,0x58a584d3ac050ea585ea5cff9713985c71df3ee82bfa00099d91373ffc8f2bf4,37589709367179078786477453784473461162331247664862535490019747132357232539203,,Up,buy,22,0.41
2025-12-23T12:11:47.568758+00:00,0xd4e545c5cff67255462bc56bcfc4b5593f1dca937ced47d715bf563b739ea499,94332214487753957162840487568470392955138077711695666721252252461704810516549,,Down,buy,15,0.62
2025-12-23T12:11:47.568786+00:00,0x5dfcc675c768aad20505058993b303c9d0c3f2c04fb2b9df5fe77b92f38c5dae,61755006687741320988583808670019813996645094168334706026150969764100621351498,,Down,buy,14,0.63
2025-12-23T12:11:47.568815+00:00,0x2ac9eaa02e27af5796ce164cf29d73780ada4dd2981299b44b99f17731b7d0da,94332214487753957162840487568470392955138077711695666721252252461704810516549,,Down,buy,22,0.58
2025-12-23T12:11:47.568843+00:00,0x908fee4765885004417b8d46107278c80d31273aba9cb20ee2ef5bcc16746e62,94332214487753957162840487568470392955138077711695666721252252461704810516549,,Down,buy,22,0.57
2025-12-23T12:11:47.568871+00:00,0x6d6bd9b62809a3592929dfc3e38e3813ff9ffab22f075e2c4848957a24c806f0,13532621002647241503877137701957610513223465645682976895168884995530691973729,,Down,buy,24,0.68
2025-12-23T12:11:47.568900+00:00,0xd2cd506cee2c32cab2bfa08eda0bcbd1f09c9c6f9b1fa4bac34ed487e920988e,94332214487753957162840487568470392955138077711695666721252252461704810516549,,Down,buy,22,0.57
2025-12-23T12:11:47.568929+00:00,0x4dbb6e1cb9c753b846c71d34196d6a19f8654cc2506a8df31c08edb2e8879f1f,13532621002647241503877137701957610513223465645682976895168884995530691973729,,Down,buy,24,0.68
2025-12-23T12:11:47.568958+00:00,0xc28edc80428365e666b3b76a429c14e576741331047bedbccf898418e3a546a5,13532621002647241503877137701957610513223465645682976895168884995530691973729,,Down,buy,24,0.68
2025-12-23T12:11:47.568989+00:00,0x2b22e39c2daf19db1210ef3d1ae78ea06d847bd0196dbefbeb65a23bd95c1ba2,94332214487753957162840487568470392955138077711695666721252252461704810516549,,Down,buy,22,0.5781818181818181
2025-12-23T12:11:47.569019+00:00,0x897e7a3be0f403947f2c42a64c3c5921ea39d8683ee59065a05b6794f15771ac,94332214487753957162840487568470392955138077711695666721252252461704810516549,,Down,buy,10,0.56
2025-12-23T12:11:47.569047+00:00,0x62d768fd62cb981fe69790b218d6dfa7c942412835a17c9383d269dd14fed0f3,13532621002647241503877137701957610513223465645682976895168884995530691973729,,Down,buy,24,0.68
2025-12-23T12:11:47.569076+00:00,0x3965e01b65b76db36224f5d233f6411326d846b08c628d1154ab13c4df23664b,10540957166672342545037849363605494799971533936981391416335531294077700579525,,Up,buy,14,0.42
2025-12-23T12:11:47.569104+00:00,0xce3f18686a2779fd020344a390898304b606d99d78c68ca2711940ef3204ac57,10540957166672342545037849363605494799971533936981391416335531294077700579525,,Up,buy,14,0.42
2025-12-23T12:11:47.569133+00:00,0x1aa29e1ce3d3c954be3988d34d3154839ef2fe6842ba51d885edb1bae128e727,10540957166672342545037849363605494799971533936981391416335531294077700579525,,Up,buy,2.91,0.42
2025-12-23T12:11:47.569161+00:00,0x75c964afa999b619c88524c2c8f763dd48c46e7b484841c4500c9f24756af6c6,10540957166672342545037849363605494799971533936981391416335531294077700579525,,Up,buy,14,0.42
2025-12-23T12:11:47.569190+00:00,0x6e2c048dbdc98525a9efaa2a5ab275cf9242479d569d18b26a37fd41b90777f4,76903759657129938950731912019753884840139310924771876717747942620176953105967,,Up,buy,24,0.36
2025-12-23T12:11:47.569219+00:00,0x7a8256ab9d5cc73dbf018923a6abe0b79d4da824a2d78089c560566f3dec5c10,94332214487753957162840487568470392955138077711695666721252252461704810516549,,Down,buy,10,0.55
2025-12-23T12:11:47.569247+00:00,0x15d0ad3e1139e6d01a32a6650ad9a96b4d5d1af98c2c3cb8cf693415fb27cf97,41649298205647508587657983419737619054577844831472384636513906999914458655929,,Down,buy,16,0.66
2025-12-23T12:11:47.569276+00:00,0x60054e9485bca567a90e38519a4fe02636be3e6243650b83d9d43a2026067698,41649298205647508587657983419737619054577844831472384636513906999914458655929,,Down,buy,4,0.66
2025-12-23T12:11:47.569304+00:00,0x0d791a487fbd9ee2b551d898afe65117010406d5c360913c6faab5137c26e31b,41649298205647508587657983419737619054577844831472384636513906999914458655929,,Down,buy,16,0.65
2025-12-23T12:11:47.569333+00:00,0x1b3622b980524baf78aac54a18ffa6260c8e7a6cb0e25bd73214f787b066fe0d,41649298205647508587657983419737619054577844831472384636513906999914458655929,,Down,buy,4,0.65
2025-12-23T12:11:47.569361+00:00,0x8c7d9b761c3f8489e682284e48c4c755c57595c592305f2f6af50d0edbd24665,13532621002647241503877137701957610513223465645682976895168884995530691973729,,Down,buy,24,0.61
2025-12-23T12:11:47.569390+00:00,0x1617f49d3ab1f53955f5f8da6f1cba61b64f8001d24b863dcda8464773fe24a0,76903759657129938950731912019753884840139310924771876717747942620176953105967,,Up,buy,24,0.38
2025-12-23T12:11:47.569418+00:00,0x553db5153c30feef4897b54a8fa9f803cafb2a6dd801a5eb5637925260aa3e92,37589709367179078786477453784473461162331247664862535490019747132357232539203,,Up,buy,22,0.43
2025-12-23T12:11:47.569447+00:00,0xa92b283da323a20ecf76ee83536efc8f394c0174be371e16b90538d822536969,37589709367179078786477453784473461162331247664862535490019747132357232539203,,Up,buy,6.74,0.43
2025-12-23T12:39:19.694751+00:00,0xc9ad37cd88248a834b77182f6963be3c6b0bedb8a3911c19cf94e05120995b35,60734672871178217494861120669220396138872706227840432560042208626908699034158,,Down,buy,8,0.12
2025-12-23T12:39:19.694847+00:00,0x846a916a5f15503ecb50a5a36fbe11590c1d77d3362ea9930dd5060e79c9d1fa,94332214487753957162840487568470392955138077711695666721252252461704810516549,,Down,buy,20,0.62
2025-12-23T12:39:19.694898+00:00,0x99f35b58de4e834459c0045f171b4fef1e380bf9fe77cd39b4eb5a001e6d1e7c,80487806504625495916758696781169883149045498476705229465486822381931392358965,,Up,buy,16,0.87665
2025-12-23T12:39:19.694939+00:00,0x93cc4eedc87b6989990ef313b4cc7bddd5dda953bca26ae1429dcf60f14a079c,80487806504625495916758696781169883149045498476705229465486822381931392358965,,Up,buy,16,0.86
2025-12-23T12:39:19.694981+00:00,0x9e6b00695b5e906731a5d639ba73be33e325ff5b1984f0325b4a4d0a95fca360,37589709367179078786477453784473461162331247664862535490019747132357232539203,,Up,buy,20,0.35
2025-12-23T12:39:19.695015+00:00,0x260e3239f110e2b9574956acfa2a7aace45c1c0794126ebfcea92ffacd7e429e,60734672871178217494861120669220396138872706227840432560042208626908699034158,,Down,buy,16,0.13
2025-12-23T12:39:19.695047+00:00,0x4e32c65f95bc7597d49776d9d734ab065ac955c03e79f0c962cc747df2c427c3,60734672871178217494861120669220396138872706227840432560042208626908699034158,,Down,buy,16,0.13
2025-12-23T12:39:19.695086+00:00,0x1e72ed054085fba67c49d10bd1935d7efe80470b9ffd9cc3dcedc00d2ffefef3,80487806504625495916758696781169883149045498476705229465486822381931392358965,,Up,buy,16,0.86
2025-12-23T12:39:19.695126+00:00,0x48e4ca415d75c035f36b52f2676198ef48a20149c170d33043b4fae50dac5137,80487806504625495916758696781169883149045498476705229465486822381931392358965,,Up,buy,16,0.86
2025-12-23T12:39:19.695162+00:00,0x8c75ab5ce5e46f8bad5a23cbed0b50ca0ea74ffd89814d1c42e6d607753e22b3,80487806504625495916758696781169883149045498476705229465486822381931392358965,,Up,buy,16,0.86
2025-12-23T12:39:19.695194+00:00,0xbf49e0294df9de422dba3b9dc4539800e24daceab08731939f1f6394e41791d6,60734672871178217494861120669220396138872706227840432560042208626908699034158,,Down,buy,16,0.23
2025-12-23T12:39:19.695225+00:00,0xcb42dad2c82276f860153c87ef225f609c71331aa61c3053f22f8a1989370896,80487806504625495916758696781169883149045498476705229465486822381931392358965,,Up,buy,10,0.76
2025-12-23T12:39:19.695257+00:00,0x5283c2093acbc24945e6ffe7f0994fdf687a100dc1e5389543640b9cca508fa9,80487806504625495916758696781169883149045498476705229465486822381931392358965,,Up,buy,16,0.76
2025-12-23T12:39:19.695287+00:00,0x48f923deea267e1b991363b2c8847d4ea77323d58b9154cd3d7811f74e94d65a,80487806504625495916758696781169883149045498476705229465486822381931392358965,,Up,buy,16,0.76
2025-12-23T12:39:19.695319+00:00,0xc98843090dbb0c9256dbc201f35557ad04f8d6b9f9da911f735b37b600f056fc,60734672871178217494861120669220396138872706227840432560042208626908699034158,,Down,buy,16,0.21
2025-12-23T12:39:19.695350+00:00,0xbad09d4338036bf434cd938408ca3cd955d801a6c757e334bb058a4dfada2f01,60734672871178217494861120669220396138872706227840432560042208626908699034158,,Down,buy,16,0.21
2025-12-23T12:39:19.695382+00:00,0x796f14ef9db60f5a46b27c7c914b467287dedbc86bf571eed20528e4cb413f7e,60734672871178217494861120669220396138872706227840432560042208626908699034158,,Down,buy,16,0.21
2025-12-23T12:39:19.695415+00:00,0x0206417fb3f13795eea19615aa5108705ed13b01eedaadad579dfc10a1c2b84e,60734672871178217494861120669220396138872706227840432560042208626908699034158,,Down,buy,16,0.21
2025-12-23T12:39:19.695447+00:00,0x302bacab5e9cd35dfa4dd2a357d4cf5aa79792d1931d998fe519315967558538,60734672871178217494861120669220396138872706227840432560042208626908699034158,,Down,buy,16,0.21
2025-12-23T12:39:19.695479+00:00,0x2810a16bdfdd58d6c1c10c8096fa7f2e068d90ffd161656263738ea1e182b59f,60734672871178217494861120669220396138872706227840432560042208626908699034158,,Down,buy,16,0.21
2025-12-23T12:39:19.695507+00:00,0x920230844298b8efc50686300c9ac4ed70d3106d3f5df086643cc94d9bddbebd,60734672871178217494861120669220396138872706227840432560042208626908699034158,,Down,buy,16,0.21
2025-12-23T12:39:19.695536+00:00,0xd1c2531f73591360c566b5cf8bad93d4d6fefe8cb7571acdccf3d0f233420a7b,60734672871178217494861120669220396138872706227840432560042208626908699034158,,Down,buy,16,0.21
2025-12-23T12:39:19.695567+00:00,0xd34f3b7bf80c88d2274da781dd94860dc232c680bfc1b51b880c8e3416815530,37589709367179078786477453784473461162331247664862535490019747132357232539203,,Up,buy,20,0.41
2025-12-23T12:39:19.695599+00:00,0x6efba61c55d84c38159b76377ccda08912067bd34566c50d6f4b457adb56fafc,37589709367179078786477453784473461162331247664862535490019747132357232539203,,Up,buy,20,0.41
2025-12-23T12:39:19.695631+00:00,0x93d41ab20b1dad9a9d22e4c3eeced534bbc0d98e10f4757401f2bd29cb3611b9,37589709367179078786477453784473461162331247664862535490019747132357232539203,,Up,buy,20,0.41
2025-12-23T12:39:19.695665+00:00,0xa335a38322084536820985a0034c35bb02fe2ebb52524b562a6f6ada45527492,37589709367179078786477453784473461162331247664862535490019747132357232539203,,Up,buy,20,0.41
2025-12-23T12:39:19.695695+00:00,0x65407d0448ef097b74861ab08f8cb8bfc3f65828d0631871dd7856456fee50d4,37589709367179078786477453784473461162331247664862535490019747132357232539203,,Up,buy,20,0.41
2025-12-23T12:39:19.695725+00:00,0xc99c67af7ac908988dcecc65cc5bbe81ef0573703d67d4535d171074bf22db90,37589709367179078786477453784473461162331247664862535490019747132357232539203,,Up,buy,20,0.41
2025-12-23T12:39:19.695755+00:00,0xebe1b8821936c11c046e32c016fb179a146dd6671b74a859bbe9bfa87fa4c63d,37589709367179078786477453784473461162331247664862535490019747132357232539203,,Up,buy,20,0.41
2025-12-23T12:39:19.695785+00:00,0x42eb926ab0a89624f498d5a7d10b5fd5b91c26fbc5f058d39d05134d28b27dfc,37589709367179078786477453784473461162331247664862535490019747132357232539203,,Up,buy,20,0.41
2025-12-23T12:39:19.695815+00:00,0x7ca00ceb7f34db134b2bf94977ae5dacb8bcff14b327e27837035c40debdc5af,94332214487753957162840487568470392955138077711695666721252252461704810516549,,Down,buy,5,0.61
2025-12-23T12:39:19.695845+00:00,0xe4b311db53f27fb8cae261c957c5d9ed7a694cc99d5fb225430af7056dedd9ee,60734672871178217494861120669220396138872706227840432560042208626908699034158,,Down,buy,14,0.24
2025-12-23T12:39:19.695875+00:00,0xd9082d97f34aaac15453437d2ec3ba70f13352e04a8303ac09e581ef59bacbe9,60734672871178217494861120669220396138872706227840432560042208626908699034158,,Down,buy,10,0.24
2025-12-23T12:39:19.695905+00:00,0xc2d5bffe23913ee330bb137c1bcca03b3a867e7f7c7e548ea298204e9abffa54,60734672871178217494861120669220396138872706227840432560042208626908699034158,,Down,buy,16,0.24
2025-12-23T12:39:19.695935+00:00,0x6bc600d388c2f1b673b47cc9290790e700e865196cf5bd23d6dc98a554fe7ff7,37589709367179078786477453784473461162331247664862535490019747132357232539203,,Up,buy,21,0.41
2025-12-23T12:39:19.695965+00:00,0x233116bf63a8b031de4c13095881c6f8ab9af71866680104333574e4c4e2fb57,94332214487753957162840487568470392955138077711695666721252252461704810516549,,Down,buy,21,0.55
2025-12-23T12:39:19.695996+00:00,0xc4e40a18c75706c6f5fe9726d1a59c7cdd9dc7aa6afed1936afc6e5bd808aaa7,94332214487753957162840487568470392955138077711695666721252252461704810516549,,Down,buy,8,0.55
2025-12-23T12:39:19.696027+00:00,0x4ecf585ead06a1b396c14e43a04656b5c252816b637c5fecaae54fca7e6386af,94332214487753957162840487568470392955138077711695666721252252461704810516549,,Down,buy,21,0.55
2025-12-23T12:39:19.696058+00:00,0x11ed37f2ea123b15edc806099c1b8c4d54d6567ef7f7ad97bef353bdef0ead5b,80487806504625495916758696781169883149045498476705229465486822381931392358965,,Up,buy,16,0.78
2025-12-23T12:39:19.696088+00:00,0xf2954f79a3236e51ac77f558ff8103dc96d7906804f79936b0f48531ae06d79b,80487806504625495916758696781169883149045498476705229465486822381931392358965,,Up,buy,16,0.78
2025-12-23T12:39:19.696119+00:00,0xb2d9a955a46cd3c5f17712e1962544ba960ff4224dac9ba979b6860966ecc726,80487806504625495916758696781169883149045498476705229465486822381931392358965,,Up,buy,16,0.78
2025-12-23T12:39:19.696149+00:00,0x78480ba2c00f994376799f747efcbcc0673e7d853f6f21f5077792ae0fff2fe8,94332214487753957162840487568470392955138077711695666721252252461704810516549,,Down,buy,21,0.55
2025-12-23T12:39:19.696179+00:00,0xd7d525af2f4bcd3caa76e60d1609cd96b3ee3f41c6cb58189223f2e9c58f644b,94332214487753957162840487568470392955138077711695666721252252461704810516549,,Down,buy,21,0.55
2025-12-23T12:39:19.696209+00:00,0x63b61be184009e5d0adbe2d4a71b344f0f01cfa4f72824d2bed2767571a14103,94332214487753957162840487568470392955138077711695666721252252461704810516549,,Down,buy,7,0.55
2025-12-23T12:39:19.696239+00:00,0x0dd9c819ffd695253b6a4d48656ded0083bac3f0a002605a58c34cd51ec6b6fe,94332214487753957162840487568470392955138077711695666721252252461704810516549,,Down,buy,21,0.55
2025-12-23T12:39:19.696271+00:00,0x41c986fb6359ed87ebe846f60a03d1af00053d0bdaa716364f20a4d5da5324ad,94332214487753957162840487568470392955138077711695666721252252461704810516549,,Down,buy,21,0.52
2025-12-23T12:39:19.696303+00:00,0xbcb597d8130aaa51e5f3dbd8fa83ab9ce5ec51d4b1ff8f2bb5575336d1874de1,94332214487753957162840487568470392955138077711695666721252252461704810516549,,Down,buy,21,0.52
2025-12-23T12:39:19.696334+00:00,0x797879e2d5690a219918097bfbefbd3899db5eab5fb8300f97af6f8a3122f2ff,94332214487753957162840487568470392955138077711695666721252252461704810516549,,Down,buy,21,0.52
2025-12-23T12:39:19.696366+00:00,0x9ce07bcbeef345afb5382fd11e8a7bec281bdc4fdafad6a1314533cb669e3850,94332214487753957162840487568470392955138077711695666721252252461704810516549,,Down,buy,21,0.52
2025-12-23T12:39:19.696396+00:00,0x538e1f1f4c89ea5e113542ab67f79675a3eb5b8fde74692c5944468f152c2812,94332214487753957162840487568470392955138077711695666721252252461704810516549,,Down,buy,21,0.52
2025-12-23T12:39:19.696427+00:00,0x013069aeb5902d494415508e107b507d2d3ff6b9afba3340d46c4a5f23521ecf,80487806504625495916758696781169883149045498476705229465486822381931392358965,,Up,buy,10,0.81
2025-12-23T12:39:19.696458+00:00,0xe674b48f737d1f0c156a1df20d998d608c40d8e82aa5961928672b4a7b30aa01,94332214487753957162840487568470392955138077711695666721252252461704810516549,,Down,buy,21,0.54
2025-12-23T12:39:19.696489+00:00,0xa907521d84fe5a39509d0f5d376e063c0d9f3dbe6a75f1a9aa3e1221dce645d9,6589026090062285538141630830658949524681201723329590194363991184636450169332,,Up,buy,24,0.9
2025-12-23T12:39:19.696520+00:00,0x286422460644098e42771786dfcf10c3f5b65b7660c041188b999837cf1b2700,6589026090062285538141630830658949524681201723329590194363991184636450169332,,Up,buy,24,0.9
2025-12-23T12:39:19.696551+00:00,0x6fd330e1d6db07e8357671f8a46d13ec12058ad725842856f57a0aa416f14ab9,6589026090062285538141630830658949524681201723329590194363991184636450169332,,Up,buy,24,0.9
2025-12-23T12:39:19.696581+00:00,0xe5a525fad0855765bebcb27795783ffb1fac060f4cb4c87fde1b8c9ed3ea20be,80487806504625495916758696781169883149045498476705229465486822381931392358965,,Up,buy,5,0.7
2025-12-23T12:39:19.696612+00:00,0x38c22a84d30e7d1abb75abb1916a68555e058d5629791fd5a8e795e93b158feb,6589026090062285538141630830658949524681201723329590194363991184636450169332,,Up,buy,5,0.86
2025-12-23T12:39:19.696642+00:00,0x0ee561f7139d7ce38c947182203b25d9d43bb1ee78737338bffc63cc9f1976b0,6589026090062285538141630830658949524681201723329590194363991184636450169332,,Up,buy,9,0.85
2025-12-23T12:39:19.696673+00:00,0x11f0abe6760e732d0c3d9fd66932b994c587d71c2efe8383383de76a8a84f7de,91951064412040322722661862577754667745243295371733431844881693607917080755584,,Down,buy,5,0.17
2025-12-23T12:39:19.696704+00:00,0x9874dcef3a2ae66d3ec9625fafc35dadfa969b2803ecdf03635340f1a24c98b4,60734672871178217494861120669220396138872706227840432560042208626908699034158,,Down,buy,15,0.4
2025-12-23T12:39:19.696734+00:00,0x79ea8876c1a5941d6c463839d997eb655a65f0afa33d3611d981cfad98fb7936,80487806504625495916758696781169883149045498476705229465486822381931392358965,,Up,buy,16,0.58
2025-12-23T12:39:19.696765+00:00,0x8170c616209418658114876c2c9bc1ffab717b13dc9755cf08ddbf46994e3838,80487806504625495916758696781169883149045498476705229465486822381931392358965,,Up,buy,10,0.57
2025-12-23T12:39:19.696795+00:00,0x56a5f4cc5af567280698896000a596327d778c8ebd6bda25c5ed392ddba1f83b,60734672871178217494861120669220396138872706227840432560042208626908699034158,,Down,buy,16,0.4
2025-12-23T12:39:19.696825+00:00,0x2e81a7a5d0c44285c90f8092e2d1f3f0c1313dcbe16533b6283661e86cc24b01,80487806504625495916758696781169883149045498476705229465486822381931392358965,,Up,buy,16,0.59
2025-12-23T12:39:19.696855+00:00,0x536e7d4224e2d54e23f87d60efb0ffb94de3b18211fd7b421882a2194d5788fc,80487806504625495916758696781169883149045498476705229465486822381931392358965,,Up,buy,16,0.47
2025-12-23T12:39:19.696885+00:00,0x15c04cd975cc341a77c6e2e6c9c0d6ff1d947a718bc67c0130a7f7f0492e3241,37589709367179078786477453784473461162331247664862535490019747132357232539203,,Up,buy,21,0.28
2025-12-23T12:39:19.696915+00:00,0x7e9896c432319b22c6c64a483da57f582f5cadda768396369eff29b332afac61,80487806504625495916758696781169883149045498476705229465486822381931392358965,,Up,buy,16,0.47
2025-12-23T12:39:19.696943+00:00,0x62d629f860bb432f65113635c8b895cb6df86c04921da6a24048f8dba0541c2e,80487806504625495916758696781169883149045498476705229465486822381931392358965,,Up,buy,2,0.46
2025-12-23T12:39:19.696973+00:00,0x3e1eb5efd7196d1e40a63cffad8787d05cb6dc03bf52ee4dd13e4c45a50394d7,80487806504625495916758696781169883149045498476705229465486822381931392358965,,Up,buy,16,0.46
2025-12-23T12:39:19.697001+00:00,0xab31f2d3fda4784cc8add0322d972be60aee37ceaa38198647e5f651de86b578,80487806504625495916758696781169883149045498476705229465486822381931392358965,,Up,buy,16,0.46
2025-12-23T12:39:19.697031+00:00,0x9adc4d4c4a479a48302b5e16f35029317b69b3fc60352b42c89dd427edfc0a0d,80487806504625495916758696781169883149045498476705229465486822381931392358965,,Up,buy,16,0.46
2025-12-23T12:39:19.697059+00:00,0xc8874c20c77cb9abb7a9f785f4e1399685a4097264a04330063860157c2145ec,6589026090062285538141630830658949524681201723329590194363991184636450169332,,Up,buy,24,0.73
2025-12-23T12:39:19.697088+00:00,0x353f0c06eab4265ece8c96a3e6571436b9916b2bace484cf98ffea119cf60ebd,60734672871178217494861120669220396138872706227840432560042208626908699034158,,Down,buy,16,0.48
2025-12-23T12:39:19.697117+00:00,0x70f7d2e8da739aab0ed16e200db50e44861d242cc2f73e55880c3cd3fe617566,60734672871178217494861120669220396138872706227840432560042208626908699034158,,Down,buy,16,0.48
